3900 6134
182 252 235 311 stt
783 230 942 294 SANCTUS
958 228 1121 291 Dilliastls
1139 228 1240 288 ΡΑΡΑ.
1787 233 1842 292 272

184 375 219 433 ap
232 368 344 431 nigenii
358 367 439 425 otiam
452 361 618 420 soccessoris
643 364 751 415 {etatem
764 363 930 428 protractam
945 360 987 408 at·
1000 356 1026 416 Α
1039 352 1112 419 dius,
1126 350 1264 409 Urbanam
1289 348 1480 421 pretectorem
1506 348 1715 408 administrasse
1724 350 1841 424 legimus

185 489 238 545 que
253 469 409 540 ampliatam
421 481 429 529 ³
440 462 574 531 siquidem
598 467 740 529 uterquea
765 463 881 528 syranno
892 452 919 508 in
940 468 987 507 οι.
1038 444 1089 499 sub
1103 443 1239 499 Maxentio
1249 457 1322 497 anuo
1334 441 1454 499 bib-bil
1469 440 1521 513 (d),
1533 456 1566 499 ac
1581 441 1649 497 nibil
1664 441 1763 511 obstat,
1773 461 1842 516 quo-

185 566 277 621 silium
304 559 399 630 pulsus
412 567 465 624 cst,
482 544 518 610 ob
540 553 720 623 apostolicam
746 549 774 604 in
789 545 920 604 seruanda
936 545 988 600 Ec·
1038 540 1128 594 minus
1141 537 1186 592 illc
1199 536 1246 603 sit,
1260 537 1336 608 crijus
1357 536 1383 590 iu
1397 550 1431 592 eo
1446 535 1567 591 carmine
1591 535 1698 592 mentio
1711 545 1763 605 cst,
1778 537 1840 609 qui·

142 670 150 684 ·
186 657 277 715 clasiae
302 648 444 719 disciplina
473 646 664 703 constandum.
693 640 871 710 lotelligimus
893 639 987 704 etiam,
1039 630 1283 690 reiuooceutiset
1306 628 1476 700 integerrimi
1504 628 1641 699 pontilicis
1665 639 1843 702 poenaetcr·

186 763 236 807 cup
250 746 322 802 idem
348 741 494 799 limatius
507 739 606 795 Titulus
625 737 701 793 estu
721 733 785 790 orte
806 730 990 802 proptubop·
1040 725 1103 780 silio
1125 725 1284 795 gliscentem
1311 725 1337 780 iu
1362 722 1435 780 Urbe
1455 721 1574 780 furorem
1602 736 1634 778 ac
1656 725 1845 795 grauissimam

189 841 303 900 liemaro,
318 843 343 890 et
357 833 531 895 penitentiam
546 831 687 885 multorum
708 825 871 881 constituisse
885 822 991 878 dicatur
1045 816 1207 873 seditionem
1226 816 1369 887 compesci
1385 830 1464 885 posse
1478 815 1687 872 existimaverit.
1709 818 1847 889 Quidquid

188 933 223 990 ab
234 929 388 991 Anastasio,
407 935 436 982 ct
451 941 500 979 eur
527 934 659 994 preterea
685 930 769 977 tentus
794 928 824 974 et.
846 924 990 971 coarctatus
1043 920 1133 967 autem
1153 911 1204 975 sit,
1219 910 1252 965 ad
1267 909 1325 966 buc
1340 909 1513 981 potissimum
1533 908 1634 966 adverti
1648 910 1743 979 velim,
1761 911 1849 982 primo

188 1024 278 1096 suerit,
292 1036 322 1075 co
335 1019 404 1086 quod
427 1017 558 1072 ordinaret
583 1014 727 1070 Ecclesium
742 1031 751 1068 .-
764 1012 835 1068 euim
847 1025 913 1066 uero
933 1008 993 1064 baec
1042 1019 1155 1077 magnas
1168 1019 1183 1060 a
1199 1004 1336 1075 lapsorum
1359 1005 1530 1060 contumacia
1551 1005 1681 1061 excitatas
1697 1016 1762 1064 tunc
1776 1015 1848 1064 tcm-

188 1114 279 1171 omnia
296 1110 442 1180 collapsam
454 1107 667 1180 precedentium
682 1104 899 1176 persecutionum
910 1114 992 1158 eausa
1042 1099 1118 1171 poris
1135 1100 1160 1153 io
1173 1098 1294 1153 Ecclesia
1311 1097 1416 1166 turbas,
1432 1096 1596 1169 quodetiam
1609 1099 1734 1171 iiquetcs
1745 1099 1846 1157 trota-

188 1207 357 1280 poeoitentiae
384 1203 555 1273 disciplinam
580 1201 614 1255 ab
636 1215 669 1255 co
700 1197 854 1256 restitutam
880 1194 993 1250 demon·
1044 1193 1128 1249 tensis
1150 1190 1260 1249 concilii
1279 1206 1341 1248 can.
1356 1193 1391 1256 5,
1405 1207 1460 1263 quo
1486 1193 1606 1264 repressi
1630 1203 1705 1250 strnt.
1719 1196 1849 1253 Secundo

190 1308 289 1357 strant.
303 1296 357 1352 Cur
373 1310 437 1351 uerti
449 1295 579 1349 Damasus
591 1294 687 1348 codem
698 1289 819 1346 oarrrtiue
832 1285 992 1359 martyrium
1046 1288 1191 1345 Eusebium
1203 1287 1279 1342 illum
1301 1302 1316 1340 a
1328 1286 1444 1343 Damaso
1468 1297 1592 1344 rectorem
1613 1287 1678 1352 dici,
1695 1304 1749 1360 quo
1761 1291 1849 1348 serbo

190 1392 282 1458 sileat,
295 1400 375 1460 atque
393 1403 476 1444 uorrm
491 1384 611 1441 llarcelli
639 1382 768 1439 exsilium
797 1379 909 1445 reserat,
926 1377 995 1433 trano
1044 1381 1181 1437 Romanos
1192 1380 1337 1453 pontilices
1347 1380 1491 1451 designare
1507 1381 1552 1438 itlo
1574 1381 1654 1439 soleta
1670 1382 1764 1441 Tertio
1774 1383 1852 1441 deni·

191 1498 242 1556 ego
269 1496 379 1538 causam
399 1478 483 1535 luisse
512 1485 588 1546 puto,
616 1474 678 1546 quia
704 1474 810 1530 scilicet
834 1471 993 1538 Donatistae,
1045 1490 1108 1546 quc,
1123 1474 1252 1545 quodbic
1272 1484 1366 1542 rector,
1380 1475 1489 1531 obeam
1505 1475 1650 1546 ipsam,ob
1674 1493 1756 1549 quam
1780 1478 1852 1535 llar-

191 1590 307 1651 quorum
319 1572 390 1629 baud
405 1573 519 1641 exiguus
532 1567 626 1637 Dromas
641 1574 701 1620 crat
713 1578 855 1629 uumerus,
873 1560 995 1634 potrtitici
1045 1569 1132 1624 celius
1157 1582 1276 1636 causam,
1305 1566 1464 1637 pulsasset,
1485 1583 1518 1623 ac
1538 1568 1611 1640 quod
1635 1568 1696 1641 ejus
1717 1570 1849 1642 coempto,

191 1672 256 1728 lruic
270 1686 316 1740 per
338 1680 474 1725 summum
494 1664 583 1721 scelus
610 1661 698 1718 dicam
714 1661 853 1716 traditoris
875 1659 995 1728 impegc·
1045 1659 1109 1716 loeto
1123 1661 1214 1716 aniano
1235 1659 1362 1716 exsilium
1377 1661 1491 1731 pertulit.
1505 1659 1580 1717 Cedo
1592 1661 1686 1733 itaque
1701 1663 1851 1721 Eusebium

190 1773 264 1828 rant,
278 1776 393 1832 quorum
411 1759 543 1814 Damasus
554 1754 717 1812 calumniam
739 1762 767 1808 ut
781 1753 869 1823 palam
881 1751 994 1820 laceret,
1009 1743 1033 1805 B
1046 1755 1174 1821 alterum,
1190 1754 1233 1811 cui
1255 1752 1314 1809 hacc
1331 1755 1423 1809 omnia
1436 1753 1523 1826 aptari
1537 1755 1653 1825 possint,
1665 1764 1764 1826 praeter
1773 1772 1851 1824 cum,

190 1857 329 1916 excelsum
340 1853 399 1925 ejus
412 1851 543 1908 aduersus
555 1849 691 1919 lapsorum
705 1847 846 1903 audaciam
860 1845 992 1911 arsionum,
1046 1848 1092 1918 qui
1106 1860 1169 1902 cum
1183 1859 1305 1902 summus
1318 1845 1451 1915 pomifer,
1465 1860 1498 1902 ac
1513 1845 1633 1903 liarcelli
1645 1847 1768 1917 ejusdem
1782 1863 1850 1905 suc·

191 1964 224 2007 ac
235 1949 380 2003 trilunatum
401 1959 495 2002 corum
507 1941 573 1998 ultio
584 1956 681 2015 magna
697 1939 993 1998 tortitudineessiiiom
1045 1953 1139 1997 cessor
1163 1937 1257 2004 luerit,
1271 1953 1367 1995 reeens
1386 1939 1437 1995 sibi
1454 1939 1618 2012 propositum
1631 1942 1790 2012 exemplum
1801 1941 1853 1998 ba·

190 2051 389 2103 commemorat
400 2050 430 2097 ct
439 2039 542 2095 laudat.
1047 2030 1117 2098 buit,
1127 2030 1198 2100 (1110(Ι
1211 2041 1383 2095 δθῦυθῐθωῐ·

227 2137 274 2193 vl.
290 2134 375 2190 verrio
390 2147 461 2188 nuuc
474 2130 507 2185 ad
529 2128 710 2185 Eusebianam
734 2127 914 2198 sepulcralem
937 2126 996 2200 cpi·
1085 2124 1143 2182 ttt.
1159 2125 1240 2183 iiarci
1254 2125 1382 2196 sepulcro
1405 2125 1566 2193 inscriptum
1581 2142 1691 2185 carmen
1706 2128 1851 2187 obscurum

192 2227 334 2301 graphelt,
349 2237 430 2294 quam
457 2237 490 2278 ex
518 2221 636 2290 antiquis
659 2220 880 2290 inscriptionibus
913 2219 997 2276 Baro·
1047 2217 1124 2283 lacit,
1142 2227 1171 2274 ιι
1182 2232 1233 2289 ego
1244 2227 1319 2288 puto,
1331 2218 1534 2290 transcripturis
1547 2219 1726 2294 indiligentia,
1744 2221 1788 2279 lris
1802 2237 1851 2294 po·

193 2321 256 2376 nius
277 2314 425 2386 produxit,
442 2320 469 2369 ct
493 2311 527 2367 ad
551 2311 697 2368 Eusebium
723 2311 910 2384 presbyterum
922 2318 997 2367 retu·
1047 2311 1182 2369 tissimum
1194 2310 1362 2367 uersiculis:

197 2410 341 2483 illiciet
365 2422 427 2464 com
442 2421 487 2473 ea,
502 2421 563 2478 quae
578 2405 611 2460 ad
626 2406 698 2461 bunc
720 2405 867 2462 Eusebium
884 2406 997 2479 presby·
1095 2423 1132 2474 'io
1145 2429 1236 2485 custos,
1250 2422 1339 2476 Christi
1352 2423 1478 2486 perlectus
1489 2425 1592 2488 amicus,

196 2510 286 2559 terum
299 2501 406 2567 attinet,
421 2497 512 2554 omitia
527 2511 637 2565 prorsus
648 2497 754 2553 incerta
766 2499 832 2564 sint,
844 2512 876 2554 ac
891 2498 996 2569 tnagnis
1095 2485 1264 2551 EtDamasos,
1279 2486 1398 2537 1⁰m²¹¹¹¹¹¹¹
1409 2501 1466 2538 ⁰⁰⁰1
1477 2488 1560 2539 reddit
1572 2489 1701 2540 honorem.

140 2595 149 2608 “
198 2592 320 2651 tenebris
331 2591 428 2647 obruta
440 2589 493 2660 ib),
508 2605 559 2660 ego
570 2587 689 2644 uirorum
704 2590 926 2660 grauissimorum
940 2589 999 2645 Til·
1051 2592 1097 2661 qui
1110 2602 1156 2647 aot
1169 2591 1284 2657 nuttam,
1299 2593 1422 2647 autsatis
1436 2591 1592 2662 perplexam
1608 2591 1774 2649 sententiam
1787 2593 1854 2650 red·

197 2684 321 2741 lemontii
338 2725 345 2750 ,
359 2681 511 2738 coustantii
524 2696 555 2736 ac
566 2679 597 2736 P.
610 2679 670 2751 0qsi
682 2680 822 2751 apostolici
838 2680 930 2750 palatii
941 2696 999 2735 ma·
1049 2683 1137 2740 dum:
1153 2685 1241 2755 primo
1254 2684 1336 2754 igitur
1348 2684 1408 2741 loco
1419 2700 1519 2741 moneo
1533 2684 1677 2755 legendum
1689 2686 1794 2754 censali,
1806 2695 1854 2744 aut

195 2779 273 2854 gistri
289 2792 361 2834 nunc
374 2776 552 2843 meritissimi,
564 2790 625 2831 cum
639 2792 693 2846 quo
711 2790 755 2831 me
766 2776 869 2833 scotiae
890 2776 999 2847 gauisus
1050 2778 1130 2832 tituli.
1145 2777 1191 2833 Sic
1209 2777 1279 2847 apati
1294 2776 1439 2834 Gruterum
1459 2778 1529 2831 tituli
1551 2776 1674 2833 horrescat
1693 2787 1854 2849 usurpatum

196 2889 269 2940 sum,
285 2871 416 2942 iudicium
430 2880 553 2935 secutus,
567 2884 677 2925 carmen
694 2870 745 2926 hoc
758 2878 813 2925 tom
828 2869 945 2926 Damaso
957 2878 1001 2925 at·
1050 2869 1142 2925 rideas
1157 2868 1208 2942 (e),
1225 2868 1345 2933 deiude,
1369 2868 1394 2923 si
1408 2868 1500 2925 nullus
1514 2870 1542 2925 in
1558 2868 1764 2928 transcribendo
1776 2884 1857 2928 error

197 2966 300 3032 tribuo,
313 2973 368 3019 tom
387 2963 534 3020 Eusebium
556 2977 653 3032 papam
677 2962 703 3016 iu
722 2977 755 3018 eo
767 2960 872 3018 laudari
887 2976 998 3021 censeo.
1051 2961 1161 3032 irrepsit
1184 2969 1247 3033 post
1270 2962 1321 3019 itoc
1334 2961 1391 3028 Tc,
1406 2962 1521 3018 subaudi
1544 2962 1573 3016 iu
1591 2960 1662 3019 Pace
1683 2979 1693 3018 .·
1711 2961 1855 3039 lormulsttr

198 3058 229 3115 ld
243 3074 309 3114 uero
320 3056 382 3126 iure
397 3054 496 3111 lactum
512 3053 682 3123 diiudicabit,
692 3056 719 3108 oi
733 3054 824 3120 tollor,
834 3054 879 3123 qui
889 3069 999 3110 carmen
1051 3055 1123 3112 enim
1135 3055 1205 3111 itanc
1217 3054 1254 3110 Te
1268 3056 1295 3108 iu
1306 3071 1380 3121 pore,
1394 3054 1429 3111 Tc
1443 3072 1500 3110 cum
1513 3072 1587 3128 poce,
1603 3056 1755 3113 solemnem
1772 3072 1855 3125 esse,

200 3151 301 3222 ipsum,
317 3163 378 3205 cum
392 3161 426 3202 co
439 3144 511 3218 quod
525 3145 559 3201 dc
573 3144 700 3201 Marcello
717 3154 770 3211 cst,
780 3144 913 3211 corraserat,
926 3144 1000 3201 ride·
1015 3134 1038 3199 C
1054 3147 1313 3205 acctuiuiauorom
1324 3148 1436 3204 tumulis
1446 3164 1518 3220 sape
1533 3149 1689 3220 inscriptam
1701 3149 1858 3222 legasspud

201 3244 291 3312 sitque
299 3251 444 3311 utrumque
468 3237 505 3293 ita
520 3237 570 3294 sibi
584 3236 685 3303 simile,
698 3245 726 3291 ut
739 3236 834 3292 iisdem
861 3237 1004 3294 sententiis
1055 3239 1221 3308 Boldcttum,
1232 3239 1437 3312 llaraogouom,
1446 3249 1474 3298 et
1488 3241 1516 3295 P.
1529 3240 1635 3313 Lupum
1647 3241 1698 3314 (Ως
1712 3241 1859 3298 Fabrcttus

202 3350 235 3392 ac
249 3349 319 3405 pene
329 3331 420 3388 uerbis
432 3338 549 3388 constet.
562 3328 617 3385 Nec
635 3343 650 3385 a
673 3344 734 3384 noea
754 3343 796 3384 me
810 3330 944 3386 sententia
955 3329 1005 3386 de·
1055 3345 1189 3406 praetcrea
1205 3333 1255 3389 bas
1268 3333 1350 3391 ctiam
1365 3335 1398 3390 ad
1412 3334 1559 3392 Gentilium
1573 3335 1675 3407 lapides
1689 3335 1788 3392 incisas
1802 3349 1860 3393 me·

203 3432 301 3490 terret,
315 3423 387 3494 quod
401 3421 534 3493 Eusebius
545 3437 612 3493 papa
628 3420 655 3476 in
669 3420 777 3477 Callisti
788 3423 947 3478 coemetcrio
959 3436 1005 3478 se·
1058 3436 1146 3484 morat
1163 3436 1302 3484 extremas
1317 3428 1424 3484 litteras
1441 3443 1476 3484 ss
1496 3444 1559 3497 τι,
1576 3427 1776 3484 lectorsciiieet
1789 3470 1797 3494 ,
1812 3434 1863 3484 sttt

204 3517 298 3588 pultes
316 3513 417 3569 dicitur
431 3512 457 3567 iu
482 3512 602 3567 indiculo
615 3511 797 3578 Duclrcriano,
814 3512 860 3568 illc
881 3529 957 3579 sero,
972 3510 1007 3568 de
1058 3519 1157 3586 viator,
1173 3520 1218 3589 qui
1234 3535 1276 3576 me
1290 3521 1366 3590 prius
1380 3520 1611 3592 salerejusseras,
1628 3519 1688 3575 rate
1700 3520 1753 3592 lq).
1769 3519 1862 3576 Custo-

206 3623 262 3681 quo
277 3609 304 3662 itt
316 3607 367 3661 lroc
381 3605 503 3662 carmine
523 3604 622 3675 agitur,
638 3605 665 3658 io
680 3603 772 3662 Sicilia
793 3603 938 3661 defunctus
950 3603 986 3661 sit
999 3620 1006 3658 τ
1060 3612 1099 3668 dis
1113 3622 1202 3668 autem
1213 3628 1297 3680 uoce,
1312 3612 1334 3668 si
1349 3614 1489 3685 proprium
1506 3628 1603 3669 nomeu
1626 3611 1697 3670 aaut
1711 3613 1765 3679 sil,
1784 3612 1861 3669 illum

207 3698 296 3771 potuit
308 3698 380 3755 enim
402 3695 534 3753 Eusebius
558 3696 675 3766 pontilcs
689 3713 721 3753 ex
742 3697 846 3765 Sicilia,
859 3697 904 3753 ubi
915 3697 1010 3754 deccs-
1061 3701 1215 3774 intelligere
1229 3704 1349 3774 poteris,
1365 3704 1409 3760 cui
1422 3703 1465 3760 uel
1477 3703 1636 3777 llartyrum,
1655 3703 1741 3775 quiin
1756 3719 1791 3761 co
1804 3718 1864 3762 cte·

208 3800 293 3856 serat,
307 3788 341 3846 ad
368 3787 470 3847 Urbem
485 3786 638 3850 transferri,
653 3795 682 3842 ut
709 3789 808 3843 lactum
829 3791 863 3844 de
877 3788 1010 3844 Pontiano
1061 3795 1176 3850 meterio
1189 3795 1287 3864 sepulti
1307 3794 1430 3863 loerant,
1453 3795 1495 3851 rei
1516 3794 1636 3851 basilicae
1650 3794 1677 3850 in
1690 3794 1788 3851 codem
1803 3794 1865 3852 loco

211 3900 246 3942 ex
260 3882 385 3942 Sardinia
407 3881 533 3951 legiums.
544 3879 615 3946 Quin
627 3893 693 3934 uero
705 3878 727 3933 si
739 3879 799 3948 quis
811 3879 863 3935 lroc
873 3893 921 3949 pro
934 3889 1011 3935 certo
1062 3900 1077 3941 a
1093 3885 1182 3941 llarco
1196 3886 1312 3942 conditas
1326 3886 1513 3943 custodiendae
1524 3901 1589 3943 cura
1603 3887 1749 3944 commissa
1763 3886 1864 3953 luerat,

213 3973 379 4035 laeenam
399 3985 464 4025 uero
479 3969 525 4024 uix
550 3969 611 4038 ipsc
621 3969 790 4025 aberraverit
805 3987 811 4022 ε
828 3969 1013 4027 Bucircrianus
1062 3984 1091 4033 et
1103 3975 1225 4049 quilortc
1237 3978 1296 4048 ejrts
1310 3979 1712 4052 pontilicisoroandosepulcrtt
1727 3995 1789 4037 cum
1811 3979 1866 4036 Da·

214 4065 287 4122 enim
301 4063 371 4118 alter
385 4059 736 4129 llouranorumpontilrcuur
756 4059 911 4130 catalogus,
925 4062 1013 4119 Euse-
1065 4083 1140 4125 maso
1154 4068 1352 4127 allaborascrat
1366 4089 1372 4127 :
1389 4072 1616 4142 utrumqueeoim
1626 4072 1866 4130 titulumiutctcc-

216 4155 255 4212 bii
269 4166 384 4210 mortem
397 4150 656 4224 consiguataddiem
672 4152 825 4224 lidtrgusti
836 4171 843 4219 ;
853 4153 933 4210 aliam
949 4171 1014 4213 vcro
1065 4161 1312 4218 cicsiasticaollicia
1322 4178 1396 4234 saepe
1404 4176 1582 4221 memoratum
1592 4164 1696 4233 videas,
1706 4163 1868 4235 ctiamapttd

217 4262 330 4305 causam
339 4242 573 4316 expone-itales,
582 4243 923 4314 corejesdcpositiodilata
934 4246 1017 4307 tuerit
1066 4259 1187 4328 Gemens,
1202 4259 1300 4330 quillus
1314 4259 1456 4323 „liliosam
1470 4272 1526 4317 erat
1542 4302 1550 4327 ,
1572 4258 1619 4330 qui
1632 4258 1702 4330 opud
1717 4255 1868 4316 oos'castos

217 4341 251 4399 ad
261 4341 331 4396 diem
340 4338 375 4395 26
382 4335 562 4407 Septembris.
572 4336 882 4407 llincpatetpootisrcem
896 4340 972 4396 iiltun
987 4342 1015 4399 in
1067 4363 1095 4409 ei
1106 4354 1129 4409 is
1144 4354 1306 4424 pierumque
1317 4354 1471 4427 presbyter.
1485 4353 1553 4409 Cum
1567 4335 1634 4409 roro
1647 4352 1726 4408 audis
1745 4350 1870 4407 llorcsns

126 4504 131 4512 .
218 4435 413 4493 vetustissimis
427 4432 531 4503 aliquot
553 4431 955 4504 martyrologiisaFlorentinio
974 4437 1017 4491 itt·
1068 4463 1165 4511 orasse,
1180 4449 1290 4519 populus
1303 4447 1373 4519 quod
1387 4447 1496 4504 disceret
1509 4445 1611 4511 amab,
1625 4444 1702 4501 rides
1719 4444 1796 4500 illotu
1812 4453 1870 4499 tutti

223 4529 320 4586 dicatis
331 4525 367 4600 (c)
382 4527 453 4582 iuter
473 4523 677 4597 martyresjorc
688 4525 839 4594 meritoque
851 4541 1015 4584 antrumera·
1029 4533 1058 4595 Ι)
1070 4555 1131 4596 ipis
1143 4539 1270 4597 palluisse
1283 4541 1316 4595 all
1330 4541 1459 4612 populum
1472 4540 1620 4597 conciones
1630 4547 1657 4594 ct
1670 4536 1870 4604 catbeelrcses,

219 4633 287 4688 tom,
298 4636 330 4678 ³⁰
340 4617 568 4689 eertumboiuscc
580 4617 619 4673 ¹⁰¹
637 4625 827 4688 bituminum
842 4619 960 4676 ⁰²m³⁵⁰
970 4635 1018 4691 ιθ·
1070 4642 1126 4688 tum
1141 4647 1207 4688 sero
1221 4632 1423 4698 Sozoorcnutn,
1439 4631 1563 4688 Graccum
1581 4629 1736 4697 bominem,
1751 4636 1779 4685 et
1792 4629 1873 4699 longe

219 4715 354 4795 tissimum
386 4722 550 4779 mettium,
588 4706 653 4763 still
680 4717 818 4778 θβθῐῑθῐθ·
851 4709 880 4766 Si
909 4713 1019 4784 alititud
1070 4723 1105 4780 ab
1119 4721 1193 4780 Urbe
1207 4734 1361 4795 rcrnottun,
1378 4725 1438 4797 ejus
1451 4725 1576 4782 ecclcsiae
1595 4723 1737 4795 ignorasse
1749 4718 1872 4789 morem',

219 4814 341 4864 cautaret
354 4803 388 4859 de
401 4803 526 4859 Heraclio
542 4801 599 4868 illo,
614 4801 660 4872 qui
677 4800 763 4870 lapsos
776 4802 871 4861 dolere
883 4807 976 4870 uetuit.
992 4808 1019 4863 io
1071 4832 1132 4873 cum
1147 4819 1267 4876 scribare
1278 4820 1351 4876 visos
1366 4830 1423 4888 ast,
1446 4819 1539 4876 ilomae
1559 4833 1610 4874 nec
1626 4819 1806 4888 episcopum,
1820 4828 1875 4871 nee

219 4898 410 4958 ecclesiastice
424 4896 544 4950 historie
559 4898 741 4951 monumentis
763 4897 919 4969 uestigium,
937 4902 1018 4958 autsi
1070 4926 1232 4984 quemquam
1259 4914 1341 4969 aliurn
1359 4914 1386 4968 io
1413 4913 1537 4970 Ecclesia
1548 4912 1650 4970 docere
1664 4914 1793 4982 populum
1808 4906 1871 4982 (Ιι);

215 4992 327 5070 judicis,
342 4988 461 5057 subque
476 4985 611 5042 Eusebius
626 4988 718 5056 pulsus
730 4998 784 5056 ⁸⁸¹»
806 5006 904 5049 nomen
929 4994 1020 5065 cliiii·
1071 5021 1158 5078 neque
1173 5006 1246 5062 cuim
1260 5022 1310 5078 ego
1325 5006 1443 5079 aliquem
1465 5022 1527 5064 csse
1542 5014 1623 5079 poto,
1640 5005 1685 5076 qui
1710 5012 1796 5059 statas
1821 5000 1877 5058 boe

220 5093 351 5149 merctur,
367 5081 394 5135 itt
414 5076 510 5148 mojori
523 5075 593 5134 f⁰tlt³
621 5078 739 5137 luceres
763 5081 891 5140 collocari
916 5095 1017 5156 iotsel-
1071 5096 1151 5166 loco,
1165 5109 1363 5172 corisoetasqoe
1377 5099 1493 5173 liturgiae
1509 5113 1625 5175 preces,
1646 5112 1679 5154 ac
1690 5094 1879 5153 lormttiaslu·

220 5176 376 5238 Heraclium
400 5169 541 5239 Dourion,
562 5169 620 5227 sire
629 5170 665 5227 sit
675 5171 723 5230 ille
737 5172 849 5244 Statius,
874 5178 932 5235 sire
953 5182 1021 5238 Ara·
1072 5193 1156 5263 colligi
1170 5200 1299 5264 oportere
1312 5191 1461 5250 estatinae.

258 5372 298 5514 *ol
310 5369 351 5427 bd
364 5382 428 5424 aon.
438 5363 504 5433 557,
517 5381 547 5421 tt.
561 5364 608 5420 52.
1121 5399 1135 5438 ρ
1161 5383 1226 5457 pig,
1241 5386 1306 5454 95l‚
1322 5403 1351 5443 tt.
1369 5387 1415 5444 ili,

268 5442 297 5526 ta)
314 5440 387 5507 vid,
399 5440 422 5494 si
444 5437 542 5508 placet,
556 5432 699 5492 diatribam
715 5433 749 5493 de
761 5439 846 5512 gestis
859 5441 959 5502 liberii
970 5461 1020 5504 ex·
1118 5460 1135 5580 ί
1158 5457 1251 5513 Dsscr.
1276 5474 1302 5528 p.
1317 5460 1381 5525 stt,
1402 5457 1473 5525 ⁴¹33
1498 5456 1571 5514 delle
1591 5469 1657 5512 cose
1679 5449 1878 5522 (tenuissetis,

222 5514 302 5704 Ἥ
333 5513 436 5634 absa
451 5579 535 5637 aas
557 5580 680 5637 temore.
1072 5526 1679 5672 iiilui‘lissff'ipssjos·⁵‚²⁹i³ofi⁸·ull,¹⁷¹'

222 5649 506 5782 lleblblffpeffiltpigon'
530 5595 565 5709 dvo
576 5651 673 5771 Decid.
693 5652 808 5726 imper..
824 5656 902 5727 D·.7¹
922 5668 951 5718 et
964 5662 1020 5732 id,
1109 5657 1148 5743 qiu
1164 5671 1198 5726 ll.
1215 5673 1261 5728 tto.
1277 5638 1325 5742 ur,
1338 5686 1400 5746 αφ,
1414 5614 1456 5729 '18
1540 5642 1548 5669 '
