3900 6134
204 201 260 280 ιιι
450 224 665 288 uonvururu
682 223 823 285 tmesi
847 221 895 280 ao
916 187 1122 277 intuamur
1143 189 1345 287 meramm
1362 191 1611 287 ammonete
1811 227 1864 284 ott

204 332 278 397 situi,
297 333 374 390 valde
386 335 534 392 timendum
550 347 611 402 est;
633 337 737 394 scillcet
751 353 784 392 ne
796 338 831 393 ab
842 352 896 392 tttto
910 351 1004 392 otttttes
1017 331 1043 391 l
1058 340 1199 397 undecima
1223 341 1288 409 luit,
1314 343 1349 398 ab
1366 342 1484 399 adventu
1500 342 1610 399 llotnlol
1631 339 1764 413 usquead
1782 341 1864 398 linem

205 439 383 494 superemur,
417 429 463 497 qui
485 443 535 499 pro
558 443 659 486 corona
679 446 790 487 currere
809 430 1004 502 disposuimus.
1057 431 1172 498 mundi;
1194 432 1289 504 inqua
1313 449 1362 489 nos
1378 434 1463 490 ultimi
1481 433 1603 504 operarii
1615 435 1642 488 itt
1654 434 1763 488 vineam
1779 434 1864 490 intra·

206 516 283 574 Unde
298 529 390 574 monet
406 523 553 592 apostolus
567 541 574 577 ι
590 521 636 580 Sic
648 525 760 592 currite,
778 532 807 581 ιιι
825 526 1007 596 comprolten·
1058 523 1157 580 vimus.
1183 525 1236 581 Sed
1252 526 1315 597 qnia
1340 525 1449 582 desides
1462 521 1497 582 et
1510 526 1577 583 tardi
1604 527 1630 580 in
1652 541 1739 597 opere
1757 540 1864 595 sumna,

204 612 284 669 datis.
301 613 334 668 Et
349 618 487 686 quomodo
508 618 582 674 illato
599 618 835 690 cotuprcbenderc
845 621 1003 690 poterimus,
1056 619 1124 673 certi
1139 618 1173 673 de
1187 616 1301 674 donario
1314 633 1377 676 esse
1392 635 1445 674 noo
1462 633 1618 690 possumus.
1636 611 1802 676 Studeamus
1815 620 1866 692 ipi-

203 705 330 777 quoniam
354 724 467 768 currere
489 712 630 779 nolumus3
647 721 675 768 et
692 714 713 769 si
735 714 881 786 aliquando
896 730 1006 771 currere
1058 719 1101 765 tur
1116 711 1238 767 velocius
1251 712 1371 783 operat-i,
1388 720 1419 768 ιιι
1431 711 1466 767 dc
1477 712 1739 784 denariopossimus
1751 722 1815 768 esse
1827 726 1866 769 ee

202 801 373 872 inchoamus,
393 804 462 864 hetti
478 808 660 865 crassitudine
676 809 806 865 vitiorum
821 808 936 880 latipati,
951 820 1007 865 tur-
1057 812 1115 861 curt
1132 825 1139 862 ι
1154 816 1181 862 et
1195 808 1256 878 quia
1268 805 1351 863 hodic
1363 822 1379 861 a
1390 822 1497 863 summo
1512 806 1707 879 patrefamillas
1721 820 1864 875 vocamur,

203 897 276 965 pite·
298 896 327 950 in
348 913 429 954 cursu
448 898 608 957 deheimusl
629 901 696 956 Nam
712 916 772 958 cum
786 904 875 957 omnis
891 903 1005 958 ecclesia
1058 903 1230 974 circationem
1242 903 1301 969 ejus
1317 916 1371 956 non
1387 900 1580 972 despicientes,
1595 900 1621 955 itt
1637 902 1745 958 vineant
1758 901 1866 958 lahora-

204 989 231 1044 ιιι
246 989 367 1045 clericali
385 1001 413 1046 et
437 992 523 1048 laicali
543 993 688 1049 sitordine
702 995 801 1061 divisa,
819 1006 1006 1051 nemoeorttm
1058 993 1112 1048 tuti
1139 993 1243 1048 itttrarc
1267 992 1434 1049 studeamus.
1456 993 1517 1064 lpse
1531 1009 1647 1064 namque
1662 992 1867 1065 presenciejtt·

203 1093 257 1149 est,
274 1086 319 1153 qui
339 1100 388 1156 pto
401 1100 503 1142 corona
517 1086 612 1159 gloriae
626 1099 717 1144 currat
727 1106 735 1156 ;
746 1089 794 1145 scd
809 1089 918 1159 quidam
934 1090 1007 1145 insa-
1059 1087 1132 1141 nium
1148 1087 1182 1142 ad
1196 1086 1248 1142 hoc
1260 1086 1388 1154 instituit,
1405 1100 1432 1143 ut
1443 1098 1554 1159 peccata
1570 1088 1720 1154 innumera,
1734 1104 1796 1161 quae
1808 1103 1868 1144 car-

204 1184 294 1234 tutata
306 1179 455 1250 cupiditate
466 1182 644 1252 persolliciti,
665 1185 774 1254 quidam
787 1185 946 1242 litationem
960 1200 1008 1243 m·
1058 1179 1102 1233 nis
1116 1177 1298 1235 delectatione
1309 1179 1416 1235 ceteris
1431 1179 1495 1235 anni
1514 1179 1612 1236 diebus
1625 1172 1826 1244 commisimus.
1838 1180 1866 1235 ιιι

206 1270 309 1341 rupture
325 1273 429 1342 polluti,
450 1275 559 1345 qudam
571 1276 837 1334 elationesaeculans
850 1293 956 1348 ponpa,
966 1290 1005 1334 tu·-
1058 1267 1111 1325 hoc
1127 1278 1250 1342 tempore
1265 1287 1314 1341 por
1326 1272 1513 1342 penitentum
1528 1280 1557 1329 et
1574 1272 1664 1331 cauit
1678 1271 1868 1329 mmtiomtto·

205 1367 291 1434 midi,
307 1383 362 1424 nott
384 1369 474 1424 solunt
497 1385 607 1427 currere
634 1372 745 1436 nolunt,
773 1373 822 1428 scd
838 1373 919 1429 etiam
933 1375 1007 1444 ipsos
1059 1378 1122 1441 {¹0¹⁰
1147 1374 1253 1436 lettere
1264 1365 1431 1424 studeamus·

204 1460 298 1515 oculos
323 1460 357 1515 ad
390 1460 551 1531 capiendam
582 1477 709 1518 coronam
737 1465 845 1535 aperire
870 1466 1005 1521 nesciunt.
1094 1462 1121 1515 5.
1144 1456 1776 1532 insuperetiamdiesista,quatvelutijanua
1794 1460 1867 1532 jeiu-

205 1554 284 1612 llnile
310 1555 475 1611 Psahnista:
497 1554 591 1611 Omnes
609 1557 801 1613 declinarentur
815 1559 892 1613 simul
903 1558 1007 1613 inutiles
1060 1561 1166 1614 nicrum
1182 1556 1291 1621 existit,
1311 1564 1338 1610 ct
1357 1555 1491 1610 canticum
1502 1554 1618 1622 letitiae,
1638 1555 1663 1609 id
1676 1564 1718 1611 eet
1730 1554 1865 1622 alleluia,

170 1679 177 1694 .
202 1649 276 1718 freti.
293 1648 323 1703 Et
337 1648 472 1718 Propheta
490 1666 497 1703 ε
513 1648 586 1704 Sicut
600 1649 721 1720 populas,
736 1651 773 1705 sic
785 1650 914 1706 sacerdos.
931 1650 1007 1707 Adeo
1055 1651 1139 1705 'uoltis
1151 1648 1296 1712 subtrahit,
1313 1663 1361 1717 per
1373 1662 1481 1704 omnem
1497 1647 1729 1703 continuationem
1745 1649 1786 1703 atti
1802 1646 1867 1704 olli-

203 1744 275 1796 enim
290 1744 404 1807 cecati,
426 1750 453 1797 ct
471 1741 497 1797 in
514 1744 630 1812 quodam
644 1744 791 1800 oblivionis
806 1755 888 1815 puteo
901 1746 1004 1803 detrusi
1019 1725 1047 1790 B
1060 1743 1095 1799 cii
1118 1755 1212 1798 vocem
1235 1723 1561 1811 poenitentis'plangentis
1581 1741 1710 1809 exprimit
1731 1758 1739 1795 ι
1760 1741 1867 1797 docent

203 1848 317 1901 tumus,
334 1843 363 1889 ut
383 1833 450 1891 nihil
473 1834 508 1891 de
529 1835 618 1890 loturo
639 1835 801 1907 cogitantes,
823 1848 922 1908 prater
936 1837 1008 1895 hanc
1059 1851 1110 1892 nos
1132 1835 1167 1888 ab
1195 1833 1371 1890 immoderata
1397 1833 1487 1888 latitia
1511 1832 1611 1889 debore
1634 1826 1760 1903 cessare,
1782 1843 1813 1890 et
1838 1835 1866 1893 itt

203 1927 306 1998 vitam,
328 1927 355 1981 in
369 1944 421 1997 qua
436 1928 590 1999 voluptates
603 1938 710 1983 nostras
725 1931 909 2000 exsequimur,
926 1929 1006 1987 aliam
1058 1929 1122 1984 lletn
1135 1936 1163 1984 et
1178 1927 1306 2000 lacrymis
1316 1926 1484 1997 poenitentiac
1494 1941 1615 1982 mettere.
1628 1926 1683 1980 llac
1699 1927 1782 1997 igitur
1796 1941 1867 1984 noc·

203 2035 256 2076 non
269 2033 404 2092 putemus.
428 2021 462 2077 Et
483 2021 639 2092 ulamplitts
654 2021 761 2090 dicam,
779 2024 855 2078 multi
869 2024 1007 2079 insanien·
1059 2032 1101 2090 te,
1127 2021 1227 2093 sepius
1249 2023 1367 2089 repetito
1391 2023 1521 2086 nomine,
1544 2021 1632 2091 ipsum
1654 2020 1765 2076 alleluia
1788 2020 1866 2077 allati

202 2120 259 2177 tes,
279 2113 342 2167 dum
357 2111 471 2182 cupidos
488 2113 594 2168 animos
604 2112 774 2182 voluptuosis
788 2114 932 2170 desideriis
946 2129 1008 2186 pas·
1057 2131 1170 2182 ιιιιιιιιιις
1194 2113 1394 2186 quodammodo
1408 2114 1473 2169 illud
1494 2115 1569 2184 quasi
1586 2114 1720 2185 hospitem
1742 2114 1867 2174 retinere

202 2214 283 2269 coiit,
309 2214 337 2261 et
359 2205 386 2259 in
406 2205 457 2258 sihi
483 2204 614 2274 subjectis
630 2220 706 2260 more
731 2206 854 2278 inpurum
880 2210 1005 2277 sutrium,
1057 2210 1215 2281 cupientes,
1231 2208 1347 2264 dicendo
1367 2207 1429 2262 illi:
1453 2207 1531 2263 Mane
1545 2208 1616 2280 apud
1637 2225 1688 2264 ntis
1711 2208 1816 2279 bodie,
1836 2218 1867 2267 el

203 2297 284 2351 aliam
306 2295 420 2367 gloriam
449 2310 601 2368 sonumque
623 2298 725 2354 luthere
751 2299 820 2355 velit».
846 2301 949 2357 dicunt.
972 2300 1005 2356 lli
1057 2311 1165 2359 catera.
1185 2300 1235 2359 Cui
1256 2303 1338 2358 etiam
1358 2301 1485 2358 ultimum
1505 2302 1565 2358 vale
1587 2301 1865 2361 lecimusdicentcs:

202 2389 274 2443 euim
290 2389 378 2460 tatas,
404 2381 529 2445 naturam
545 2387 665 2444 hominis
680 2389 813 2459 perdunt,
837 2401 864 2446 et
878 2401 1004 2448 naturam
1058 2398 1176 2470 Angelus
1187 2398 1274 2452 ltonus
1287 2398 1432 2452 comitetur
1445 2405 1544 2460 tecum,
1557 2405 1585 2451 ut
1599 2396 1697 2452 iterum
1712 2411 1774 2452 cum
1792 2411 1864 2468 gatt-

202 2479 408 2552 quadrupedum
429 2481 596 2550 sortiutttur,
623 2481 668 2551 qui
682 2481 903 2540 irrationabiliter
923 2493 951 2540 et
965 2486 1006 2541 in·
1056 2491 1101 2548 dio
1112 2490 1259 2546 revertaris
1272 2490 1305 2543 ad
1320 2502 1380 2554 nos,
1397 2497 1426 2545 ut
1440 2487 1560 2545 sciamus
1573 2502 1626 2542 non
1642 2496 1722 2544 antea
1736 2504 1785 2543 tros
1798 2503 1867 2558 per.

201 2683 264 2722 nent
289 2683 406 2738 namque
432 2669 467 2723 ita
489 2669 715 2725 conditnrretuttt
729 2670 845 2726 terrenis
856 2674 1005 2742 praeposuit
1055 2674 1206 2746 demptoris
1219 2674 1304 2730 nostri
1316 2665 1437 2729 renovati
1455 2672 1542 2743 ipsum
1561 2672 1697 2728 canticum
1714 2671 1867 2742 pudendo

200 2763 349 2831 creaturis,
372 2773 401 2819 ut
418 2763 487 2820 bene
502 2774 582 2819 uteris
595 2763 800 2834 temporalibus,
814 2776 1002 2837 postmortem
1055 2770 1229 2839 recipiamus.
1254 2765 1409 2837 Antiphone
1425 2765 1557 2836 siquidem
1579 2765 1671 2822 misse
1681 2806 1689 2832 ,
1701 2779 1760 2835 quae
1775 2763 1863 2836 vulpe

199 2854 334 2910 lineretur
349 2858 472 2913 aeternis.
484 2858 554 2924 Quid
570 2874 603 2914 ex
620 2858 672 2913 boc
684 2859 817 2930 agendum
830 2869 888 2927 est,
903 2854 1002 2918 iratres
1054 2861 1184 2916 introitus
1196 2861 1312 2924 dicitur,
1325 2871 1387 2913 cum
1409 2855 1603 2928 poenitcnlibtts
1617 2852 1729 2927 plangit
1741 2850 1861 2927 dicens:

200 2948 373 3004 charissimi?
399 2952 500 3007 Omnes
524 2952 597 3006 enim
616 2967 709 3007 sumus
732 2953 851 3020 perditi,
871 2955 923 3011 nisi
947 2957 1002 3010 cito
1053 2957 1297 3014 Circumdederunt
1311 2969 1355 3009 nte
1368 2952 1478 3008 dolores
1492 2950 1586 3007 mortis
1600 2961 1627 3008 et
1640 2951 1668 3007 iu
1685 2949 1864 3007 tribulatione

199 3043 332 3099 l‘uerimus
344 3043 435 3099 divina
450 3045 635 3100 misericordia
651 3046 793 3102 sublevati.
811 3048 872 3119 lpsa
885 3064 1000 3119 namque
1055 3065 1126 3106 nica.
1149 3048 1268 3106 collecta
1291 3046 1424 3118 siquidem
1448 3060 1509 3101 cum
1525 3058 1655 3114 responso
1679 3041 1861 3099 afflictionem

198 3135 232 3191 ad
248 3137 411 3191 currendum
423 3150 473 3191 nos
486 3146 615 3207 provocat
630 3138 724 3193 dicens
740 3155 747 3190 :
763 3137 900 3196 ambulate
914 3155 949 3197 ne
960 3142 998 3199 ie·
1015 3106 1047 3175 θ’
1058 3144 1225 3216 poenitentiae
1248 3138 1356 3198 son'anl.
1378 3138 1425 3194 lile
1443 3135 1560 3208 denique
1582 3146 1695 3201 cantus,
1712 3150 1793 3206 quera
1809 3149 1862 3206 pro

198 3232 290 3288 nebris
307 3248 355 3288 vos
369 3233 614 3305 eotttprebendattt.
635 3235 694 3302 Qua
714 3245 840 3302 vocante,
855 3235 877 3291 si
891 3251 1003 3292 cursum
1057 3233 1166 3291 alleluia
1181 3229 1474 3302 commutavimtts(qui
1489 3239 1590 3285 tractus
1605 3226 1666 3283 ideo
1676 3226 1861 3297 diciturquod

199 3326 297 3382 iterum
310 3328 477 3387 voluerimus
491 3339 627 3400 repetere,
640 3343 693 3384 non
705 3329 751 3385 uui
763 3340 877 3395 tautum,
889 3329 937 3386 sed
948 3329 1004 3400 plu·
1055 3328 1151 3397 longos
1165 3335 1260 3382 cautus
1284 3325 1405 3396 haheat)
1425 3324 1590 3396 prenitentes
1603 3319 1739 3399 profundo
1753 3318 1861 3391 gemitu

198 3420 275 3475 rintis
287 3418 328 3475 las
344 3421 396 3476 erit
410 3437 540 3478 coronam
556 3424 727 3495 contingere.
744 3425 777 3480 lit
789 3425 861 3480 sicut
871 3439 923 3480 non
935 3439 1004 3481 sem·
1055 3420 1089 3475 ad
1110 3419 1195 3476 Deum
1209 3420 1328 3475 clamate
1341 3417 1431 3474 docet.
1454 3414 1489 3470 ttt
1507 3415 1547 3471 sic
1559 3423 1659 3471 caetera
1672 3412 1755 3469 verba
1770 3410 1860 3470 oflicii

198 3514 461 3586 perittomnicursu
475 3517 611 3585 vincebat,
624 3518 727 3589 sedqui
742 3519 823 3574 modo
836 3520 1001 3585 victusetat,
1054 3515 1201 3571 ordinatim
1224 3512 1344 3584 digesta,
1369 3527 1424 3567 non
1449 3508 1571 3567 letitiam
1592 3506 1785 3580 gaudentium,
1807 3504 1861 3562 sod

182 3605 281 3669 ,modo
296 3608 434 3662 renovatis
455 3608 558 3664 viribus
577 3610 664 3666 victor
677 3610 829 3677 ctistehat;
849 3610 885 3666 ita
903 3624 961 3676 nos,
978 3611 1002 3666 si
1054 3609 1156 3665 luctum
1180 3618 1208 3664 et
1232 3621 1378 3664 tuoeroretn
1401 3604 1527 3661 videntur
1552 3602 1708 3674 exprimere
1729 3605 1861 3671 peccato·

197 3695 337 3771 irruensque
347 3699 411 3755 victi
427 3700 537 3766 luitnus,
551 3702 649 3758 amodo
660 3704 778 3759 victores
788 3717 849 3759 esse
862 3718 1000 3759 curemus.
1053 3715 1125 3756 runt.
1912 3766 1915 3773 Ι

197 3791 247 3848 iliu
266 3796 338 3850 euim
359 3795 484 3850 currendi
506 3795 584 3852 nohis
607 3807 670 3852 ante
689 3797 785 3854 oculos
806 3799 893 3868 posita
905 3807 957 3865 est,
972 3798 1000 3855 in
1088 3794 1115 3849 l.
1138 3795 1176 3850 lle
1190 3793 1300 3850 nominc
1314 3806 1412 3861 nempe
1427 3790 1497 3857 diei,
1514 3805 1573 3860 quac
1588 3785 1788 3858 septuagesima
1806 3801 1858 3841 vo-

197 3901 249 3957 qua
262 3896 363 3958 quanto
377 3888 475 3944 luimus
486 3889 630 3958 tardiores,
647 3899 874 3961 tantopossumus
888 3905 959 3957 esse,
976 3891 999 3947 si
1052 3897 1144 3953 catur,
1159 3888 1180 3943 si
1195 3886 1332 3957 quaeritis,
1343 3885 1434 3943 sciatis
1445 3884 1507 3956 quia
1518 3896 1571 3938 tton
1583 3896 1598 3936 a
1610 3895 1724 3936 numero
1733 3878 1855 3945 dimum,

196 3980 333 4049 volumus,
348 3982 509 4040 velociores.
686 3983 690 3992 '
1051 3989 1081 4036 ιιι
1093 3980 1243 4045 aestimant,
1259 3978 1305 4050 qui
1317 3979 1351 4034 ab
1361 3994 1392 4034 ca
1406 3991 1491 4048 usque
1502 3974 1534 4030 ad
1548 3974 1704 4045 paschalem
1719 3971 1854 4029 festivita·

214 4072 260 4140 st.
281 4073 424 4141 Quomodo
438 4076 510 4131 onim
532 4084 672 4148 torpentes
686 4086 714 4134 et
733 4077 826 4150 piptia
841 4093 923 4135 cursu
937 4093 1000 4136 ces·
1052 4083 1104 4129 tcm
1120 4081 1159 4128 lot
1169 4072 1227 4129 dies
1239 4081 1348 4143 putant,
1364 4072 1410 4128 sed
1425 4068 1557 4125 anumeri
1570 4065 1739 4138 perfectione
1753 4079 1853 4120 nunten

196 4177 257 4220 stre
272 4179 433 4234 possumus,
455 4167 500 4236 qui
527 4183 580 4223 nott
596 4168 686 4225 solunt
704 4171 856 4242 apostolum
871 4170 903 4226 ad
916 4187 998 4228 coro·
1051 4165 1171 4236 accepit,
1187 4181 1202 4219 a
1218 4180 1269 4236 qna
1286 4164 1357 4221 idern
1373 4176 1503 4219 nanterus
1519 4161 1624 4216 initium
1638 4157 1765 4229 sumpsit.
1780 4155 1854 4212 (lun-

197 4270 270 4320 nam,
284 4256 332 4311 sed
347 4257 428 4313 etiam
439 4257 526 4328 ipsum
541 4260 711 4318 Salvatorctn
730 4272 850 4319 nostruin
866 4263 899 4319 ad
914 4264 998 4320 dena-
1050 4269 1104 4314 stat
1116 4269 1206 4315 autem
1222 4258 1292 4315 idern
1306 4271 1435 4313 nttmerus
1451 4271 1484 4311 ex
1503 4254 1616 4309 denario
1627 4251 1730 4322 septies
1742 4249 1827 4316 ducto
1844 4270 1851 4306 ι

194 4352 434 4423 ritttnctpicndum
451 4359 613 4412 monitorem
626 4344 774 4447 lqzihem'ust
794 4350 861 4431 lpse
879 4374 997 4430 novitque
1050 4369 1166 4425 quorum
1182 4353 1365 4424 septenarium
1381 4351 1416 4407 atl
1432 4360 1536 4421 septem
1552 4347 1668 4418 Spiritus
1691 4345 1778 4401 sancti
1801 4342 1853 4398 du-

194 4459 316 4509 sumtnus
332 4444 545 4517 paterfamilias,
563 4449 608 4521 qui
620 4449 753 4519 plantavit
768 4453 896 4519 vincam,
912 4450 938 4507 id
955 4460 996 4507 est
1051 4463 1101 4517 na,
1115 4448 1243 4504 denarius
1252 4461 1318 4503 veto
1331 4448 1447 4517 pertinet
1461 4446 1494 4500 ad
1507 4443 1601 4502 decem
1613 4441 1679 4511 lepis
1692 4447 1828 4511 praecepta
1842 4455 1850 4490 :

194 4546 315 4594 sattctttu
341 4540 503 4608 ecclesiam,
533 4543 613 4598 uobis
636 4544 682 4614 qui
703 4559 776 4608 sero,
797 4543 881 4601 idest
900 4538 929 4599 in‘
941 4545 997 4599 hnc
1049 4559 1110 4616 quae
1126 4545 1161 4600 ita
1178 4543 1293 4599 iuvieem
1312 4542 1481 4614 iunguntur,
1501 4549 1531 4596 ιιι
1544 4552 1630 4610 neque
1644 4536 1716 4592 dona
1730 4533 1850 4605 Spiritus

196 4631 310 4698 mundi,
332 4633 358 4687 iu
383 4633 489 4689 vincam
509 4635 657 4690 laboraturi
682 4616 858 4702 lustravimus,
875 4638 995 4694 coelestis
1049 4639 1134 4695 sancti
1149 4638 1208 4693 sine
1219 4637 1447 4709 legispracreptm
1463 4650 1550 4705 neque
1562 4627 1775 4703 praeceptalepis
1788 4626 1850 4681 sinc

194 4725 422 4782 remunerationis
435 4728 764 4786 denariumsedaturum
778 4732 993 4803 promittiuas·
1048 4735 1133 4790 sancti
1144 4732 1261 4802 Spiritus
1273 4730 1347 4787 dono
1364 4727 1495 4785 custodiri
1509 4726 1544 4781 alt
1560 4726 1651 4796 aliquo
1670 4720 1776 4792 possint
1798 4727 1850 4773 :et
1889 4758 1895 4763 -

193 4815 372 4873 siutilansnos
382 4820 476 4889 primis
485 4822 600 4891 colonis,
615 4826 661 4895 qui
673 4842 687 4879 a
700 4842 779 4883 titane
790 4843 878 4899 usque
885 4828 918 4884 ad
933 4844 993 4885 res·
1046 4829 1091 4898 qui
1105 4828 1221 4884 alterum
1232 4824 1395 4892 servaverit,
1411 4822 1526 4877 alterurn
1545 4820 1603 4875 siue
1625 4816 1710 4874 dubio
1724 4811 1847 4870 babebit.

193 4922 286 4979 perant
299 4921 443 4978 portavere
454 4913 559 4982 pondus
572 4915 662 4973 dicier
675 4927 767 4975 aestus.
775 4920 897 4977 Audistis
908 4922 994 4993 siqui·
1045 4920 1095 4990 Qui
1112 4933 1242 4977 numerus
1252 4927 1327 4974 recte
1339 4914 1531 4986 poeniteutihtts
1540 4908 1677 4982 congruit,
1690 4917 1718 4964 ιιι
1730 4905 1848 4976 gratiam

191 5000 254 5058 dem
276 5003 352 5060 illum
365 5005 504 5077 proposita
522 5023 584 5063 vcra
596 5017 624 5065 et
633 5015 793 5084 euripideon
813 5015 993 5072 similitudine
1046 5014 1165 5086 Spiritus
1179 5013 1282 5077 saticti,
1306 5023 1386 5079 quarn
1407 5004 1544 5078 peccando
1564 5001 1726 5075 perdidere,
1750 4997 1846 5054 decem

191 5098 342 5170 evangelii,
355 5116 445 5166 matie,
462 5102 527 5157 hora
541 5105 630 5171 tertia,
642 5116 736 5179 sexta,
752 5125 822 5165 nona
835 5116 863 5165 el
878 5108 991 5166 uudeoi·
1044 5107 1111 5179 lepis
1123 5113 1259 5177 praerepta
1270 5104 1387 5157 maxime
1402 5101 1428 5156 ia
1445 5099 1496 5155 hoc
1511 5109 1632 5167 tempore
1647 5087 1844 5156 custodiendo,

191 5207 245 5260 tna,
258 5192 291 5249 ad
307 5195 394 5251 vinee
409 5209 466 5251 suae
479 5197 611 5254 culturam
626 5201 765 5271 operarios
777 5202 946 5271 turianum,
963 5212 991 5259 et
1042 5215 1207 5272 recuperare
1230 5198 1348 5253 valcant.
1373 5186 1460 5252 bliter
1479 5191 1627 5251 secundum
1647 5185 1781 5259 quosdam
1809 5182 1845 5239 ad

189 5287 321 5357 actualem
342 5287 483 5346 denarium
506 5293 611 5348 cunctis
626 5291 705 5350 iltrito
720 5309 803 5365 opere
819 5294 989 5353 reddentem.
1042 5295 1161 5352 litteram
1182 5293 1382 5366 septuagesima
1401 5291 1516 5356 dicitnr,
1531 5303 1564 5345 eo
1583 5285 1655 5358 quod
1679 5276 1854 5340 israeliticus

189 5378 221 5435 lit
237 5383 260 5436 si
275 5381 413 5452 horarum,
425 5399 491 5455 quas
506 5385 638 5453 audistis,
653 5385 865 5459 significationes
878 5389 986 5462 cupllim
1041 5391 1159 5465 pupulus
1178 5391 1205 5446 in
1224 5388 1372 5463 Babylonia
1393 5395 1433 5443 tot
1443 5385 1521 5442 attuit
1536 5383 1617 5439 luerit
1631 5379 1804 5451 captivatus,
1826 5388 1843 5430 a

187 5471 293 5541 discite,
309 5477 370 5547 quia
382 5492 460 5535 titane
470 5478 564 5536 luitah
577 5481 660 5538 Adam
674 5497 759 5554 usque
771 5484 806 5539 ad
821 5482 892 5554 nom
914 5489 985 5545 hora
1040 5501 1094 5559 qua
1108 5484 1190 5554 longo
1210 5493 1270 5555 post
1283 5490 1406 5555 tempore
1423 5477 1546 5543 rediens,
1561 5473 1659 5532 eodem
1674 5484 1792 5527 numero
1815 5467 1844 5524 in

187 5568 266 5622 tertia
287 5585 302 5624 a
328 5570 385 5631 h'oe
413 5590 497 5647 usque
522 5576 556 5632 ad
578 5577 731 5647 Abraham
757 5589 835 5636 sexta
861 5596 927 5637 vero
953 5582 988 5640 ab
1040 5571 1300 5637 cotnmemoratione
1314 5573 1437 5648 ejusdem
1456 5569 1625 5628 liberationis
1634 5564 1769 5637 jejuttium
1786 5561 1842 5618 lieo

183 5654 323 5716 hbtaham
336 5680 423 5734 usque
439 5668 474 5723 ad
486 5669 611 5741 lloysem
638 5687 709 5731 nona
723 5671 856 5745 siquidem
866 5688 881 5726 a
893 5673 987 5746 blopse
1038 5677 1250 5736 consecraverit.
1259 5672 1313 5732 Sed
1324 5672 1387 5744 quia
1400 5677 1428 5727 et
1440 5667 1588 5726 secundum
1605 5661 1748 5720 historiam
1759 5670 1786 5717 et
1799 5672 1843 5714 se-

185 5760 272 5822 ovpte
291 5753 325 5810 ad
352 5756 457 5815 homini
478 5767 506 5817 et
531 5760 683 5824 Saltatotis
711 5765 798 5826 nostri
819 5764 984 5840 adventurm
1037 5753 1322 5843 ctr't't'dht't't'aileiolidttt
1331 5754 1841 5840 poebltthtibttstonprultrstttdeactttt
