3900 6134
155 186 209 244 aaa
747 137 1206 238 smerusoauasesmm.
1759 167 1815 228 sse

157 301 283 357 stolorum
295 301 445 374 jacuerunt,
470 313 547 370 guam
569 306 595 354 et
614 296 724 353 aestibus
744 296 853 351 eruerit.
872 293 960 349 Plate-
975 293 1107 359 Asuacti
1129 306 1286 365 praenomen
1308 304 1360 348 una
1388 299 1493 348 tantum
1514 288 1649 348 litteras.
1665 287 1811 348 iudicatum

155 395 231 452 niam
248 403 327 450 tecet
345 391 505 450 Anastasius
519 387 638 460 pretiosa
653 403 789 444 marraera
805 386 833 443 in
848 385 963 441 tabellas
1015 393 1111 457 gerarte
1134 385 1190 455 jam
1213 383 1433 448 securamen
1450 384 1507 439 lteri
1524 393 1670 454 prepterea
1693 394 1809 455 creptum

158 488 288 556 dissecta,
304 488 402 559 qrribns
425 499 523 556 nempe
538 500 644 539 morona
664 492 692 539 et
714 483 896 552 pauimentum
913 481 964 536 ba-

159 595 254 638 masus
272 578 587 647 obduxerat,lrrcutnque
599 579 650 632 laec
665 586 743 647 pacto
755 585 900 631 ornaverat
910 574 960 648 lul:

160 673 307 730 Basilicam
322 669 364 724 ria
380 668 526 726 Ardeatino
547 669 707 724 aedificatam
727 668 772 725 ubi
788 667 911 738 sepultus
923 667 965 739 ja-

159 767 217 823 cuit
232 780 281 836 pre
291 764 385 835 majori
397 774 473 835 parte
484 763 572 819 adbuc
583 771 727 834 superesse
735 763 885 832 putantairi
896 760 962 817 clar.

159 857 303 914 Beldettes
321 867 350 913 et
370 856 571 927 llarangonius,
596 854 685 910 idonei
700 853 823 925 prolecto
846 852 962 922 judiees,

159 969 220 1022 eoae
231 948 256 1007 in
269 965 346 1006 esunt
362 951 438 1006 cellae
447 950 559 1004 ainariae
572 963 703 1004 ceraversa
719 946 889 1018 postmodum
901 944 962 1012 luit,

1014 491 1074 550 pest
1088 478 1218 534 saccariam
1234 478 1286 546 ΙΙΙ,
1300 489 1329 533 ut
1343 476 1450 533 censuit
1464 475 1633 533 Forataainus
1647 475 1698 550 (i).

1050 571 1090 629 Er
1116 573 1166 628 laae
1186 587 1253 627 rere
1273 585 1426 627 marmorea
1448 568 1543 624 amello
1557 584 1670 625 eausam
1682 578 1774 637 troes,
1787 570 1813 626 ni

1015 663 1104 732 laller,
1119 665 1192 721 unde
1214 665 1286 720 titali
1297 664 1362 720 dicti
1384 665 1453 730 sint,
1470 677 1503 718 ae
1520 671 1652 734 praeterea
1667 663 1815 735 intelligis,

1016 766 1151 829 quotquot
1169 768 1247 813 eraut
1261 758 1288 813 iu
1303 756 1375 814 Urbe
1390 754 1526 824 basilicae,
1546 755 1679 811 titulorum
1704 758 1817 813 nemine

1016 860 1072 906 tum
1088 851 1236 920 rteoeopari
1251 850 1387 920 petuisse,
1402 857 1457 904 tom
1474 848 1573 904 merite
1587 856 1771 920 nuncupatas.
1784 848 1820 906 Ut

1015 959 1081 1000 rere
1103 944 1194 1014 plures
1218 954 1296 1000 erant
1319 943 1439 998 basilicae
1462 941 1654 998 ecelesiasticis
1681 943 1818 1016 regendis

162 1045 236 1101 inter
250 1043 426 1098 Ardeatinam
437 1053 464 1097 et
480 1041 594 1112 Appiam
609 1042 691 1096 riam.
707 1039 773 1098 Nam
788 1039 875 1110 prime
889 1038 965 1094 lecus
1015 1037 1164 1111 synaxibus
1179 1039 1344 1109 assignato,
1367 1053 1447 1108 quam
1464 1037 1554 1109 uiginti
1578 1038 1687 1110 quiaque
1708 1040 1818 1111 (storri-

159 1135 208 1193 ille
225 1137 251 1191 in
266 1134 461 1207 longitudinem
482 1134 515 1189 ad
536 1134 640 1205 palmes
653 1134 835 1204 septuaginta,
855 1134 881 1187 in
904 1130 965 1187 lati·
1015 1131 1077 1188 dem
1095 1145 1187 1187 sacras
1212 1132 1284 1187 aedes
1312 1129 1363 1186 sub
1384 1128 1513 1186 Cornelio
1533 1145 1676 1186 numerum
1699 1130 1817 1202 quadra·

161 1229 284 1286 tudinem
299 1245 367 1285 rere
389 1229 422 1284 ad
447 1230 554 1298 triginta
570 1229 745 1285 extenditur:
763 1228 844 1286 babet
866 1227 965 1284 deinde
1015 1227 1155 1298 geoariem
1182 1227 1333 1282 excessisse
1353 1242 1387 1281 ex
1411 1226 1509 1295 Optato
1528 1224 1662 1296 scimus),
1678 1227 1715 1282 ita
1736 1226 1817 1282 etiam

160 1323 355 1395 Septentriene
378 1322 571 1393 semieyclum,
597 1336 645 1376 scu
668 1321 790 1378 absidem
812 1336 862 1391 pre
886 1320 966 1376 altari
1019 1319 1132 1374 tetidem
1155 1318 1240 1375 luisse
1264 1318 1358 1382 titulos
1383 1316 1461 1374 lateri
1485 1320 1732 1391 cogimur:neque
1746 1321 1820 1376 enim

160 1416 463 1486 comparatamztertio,
477 1417 596 1485 parietes
608 1412 707 1469 alicubi
721 1415 840 1470 culmem
852 1414 965 1484 picturae
1017 1409 1161 1467 llercellus
1172 1412 1244 1468 illane
1258 1412 1366 1468 caeteris
1378 1412 1438 1467 aliis
1454 1411 1573 1468 basilicis
1589 1412 1819 1485 nuncupationem

162 1508 306 1575 ebtiaent;
329 1524 390 1580 qaae
414 1507 537 1577 proiecte
557 1507 648 1562 emnia
664 1515 778 1562 vetustae
801 1522 886 1563 sacrae
899 1506 967 1562 aedis
1016 1505 1131 1575 eripuit,
1152 1512 1184 1560 ut
1204 1520 1236 1561 ea
1259 1505 1327 1561 selis
1347 1505 1402 1560 illis
1419 1506 1509 1577 uiginti
1531 1506 1662 1578 quinque,
1678 1521 1748 1573 euos
1764 1507 1821 1577 ipse

160 1603 281 1673 speciem
298 1610 426 1659 serrant:
443 1608 540 1674 quarto
553 1599 662 1657 canalem
677 1600 740 1655 lauie
764 1601 815 1672 ipsi
837 1601 897 1657 lece
911 1615 966 1658 eea-
1016 1601 1164 1667 coustituit,
1188 1599 1298 1672 propria
1312 1611 1395 1656 esset.
1423 1599 1537 1656 Basilica
1551 1601 1634 1672 igiter
1648 1602 1722 1667 lraec,
1738 1616 1820 1672 qoam

163 1693 308 1752 meteriom
330 1695 435 1762 subest,
456 1709 471 1748 a
487 1693 551 1748 viris
571 1693 624 1748 illis
646 1691 860 1764 diligentissimis
879 1693 966 1763 prime
981 1693 1005 1753 B
1021 1691 1151 1748 Damasus
1176 1692 1281 1747 titulum
1301 1693 1478 1748 constituisse
1492 1692 1602 1759 dieitur,
1619 1694 1819 1751 titulusoeces·

164 1786 312 1844 detectum.
327 1788 393 1844 Eam
412 1788 502 1857 itaque
515 1801 576 1842 esse
594 1786 667 1841 illam
683 1785 965 1857 censent,qoam1la-
1017 1784 1091 1839 sarie
1113 1783 1202 1841 luerat
1226 1794 1289 1841 aute
1309 1784 1368 1855 ejus
1386 1784 1589 1856 pontificatum,
1602 1787 1736 1859 siquidem
1752 1804 1820 1846 sues

163 1895 257 1936 masos
267 1888 491 1946 exstruxerant
504 1879 691 1936 ctetaaeteriem
702 1878 772 1948 qued
783 1878 888 1946 subest,
901 1877 966 1933 illud
1017 1877 1111 1933 habuit
1134 1879 1308 1946 semideam,
1326 1879 1472 1948 diacones,
1492 1881 1613 1954 aliosque
1635 1882 1752 1955 gradus.
1769 1886 1818 1954 qui

164 1973 266 2044 ipsum,
283 1974 310 2028 in
326 1988 380 2042 quo
399 1972 539 2042 depositus
552 1969 647 2041 iacuit.
670 1970 769 2025 Eerern
786 1970 907 2026 rationes
927 1969 968 2024 di·
1017 1973 1104 2029 sacris
1133 1972 1245 2044 agendis
1264 1981 1460 2046 praeeramus
1477 1991 1512 2032 ex
1532 1976 1651 2034 carmine
1667 1978 1704 2033 35
1723 1990 1820 2051 aperte

162 2065 254 2122 lucide
267 2064 359 2121 attulit
381 2063 581 2120 illustrissimus
606 2063 718 2120 AEsirrrts
738 2063 884 2135 episcopos
906 2063 966 2120 lece
1017 2075 1134 2121 constat.
1147 2065 1253 2136 Aliquid
1267 2067 1358 2140 itaque
1369 2068 1498 2137 amplios,
1510 2084 1590 2139 quarn
1603 2070 1674 2125 illam
1689 2072 1820 2129 omatibus

162 2157 218 2230 jam
235 2158 363 2225 indicato,
378 2172 459 2226 eoem
476 2156 580 2212 rideas.
1016 2158 1099 2216 Urbis
1113 2159 1231 2216 basilicis
1240 2175 1413 2218 coraamunem
1424 2163 1664 2234 rtuuetapatienem,
1676 2173 1732 2221 tum
1744 2164 1818 2220 llar-

111 2301 114 2307 .
200 2252 323 2306 Alteram
334 2249 368 2305 ad
381 2248 523 2304 Theatrum
534 2247 661 2318 Pompeii,
671 2249 731 2320 eius
739 2249 873 2320 pontilicis
886 2259 967 2308 aetate
1017 2253 1101 2309 cellos
1115 2254 1188 2321 suis,
1205 2263 1261 2322 tom
1275 2254 1406 2311 llnmasos
1418 2256 1540 2313 ecclesie
1555 2256 1585 2314 S.
1597 2255 1735 2314 Laurentii
1751 2273 1820 2315 cen·

164 2346 330 2400 anteriorem
340 2343 441 2408 luisse,
454 2341 598 2398 manifeste
611 2342 708 2415 prebat
720 2343 841 2415 ejusdem
855 2359 965 2400 carrrren
1017 2343 1095 2411 tulit,
1107 2359 1169 2399 enm
1185 2346 1289 2400 titulum
1304 2348 1445 2401 coustituit.
1458 2346 1527 2416 Quid
1547 2364 1610 2404 rere
1630 2348 1696 2404 illud
1713 2348 1764 2415 sit,
1780 2365 1818 2406 ex

167 2436 199 2491 de
213 2436 309 2506 tenaple
325 2434 357 2491 S.
377 2434 509 2490 laureare·
526 2436 684 2506 inscriptum
701 2437 899 2507 :quanrebrem
910 2452 965 2494 non
1016 2435 1161 2492 Anastasio
1181 2438 1371 2509 intelligimus,
1388 2454 1449 2494 eum
1466 2440 1504 2493 ait
1519 2439 1693 2505 llareelluru,
1723 2441 1818 2513 uiginti

72 2571 74 2574 >
165 2544 227 2586 eam
240 2530 345 2599 primos
359 2527 524 2597 aedificasse,
540 2529 589 2584 sed
611 2527 739 2586 releeisss
760 2530 847 2586 rideri
866 2529 963 2600 debet,
1016 2531 1128 2600 guinem
1148 2532 1237 2587 titulos
1259 2533 1285 2587 iu
1308 2532 1370 2587 urle
1382 2530 1466 2588 Reme
1480 2534 1641 2589 constituisse
1655 2535 1730 2606 qenai
1744 2550 1816 2592 otoe·

165 2641 331 2698 quamquam
345 2624 384 2679 sie
399 2624 609 2692 restauraverit,
626 2624 749 2692 auxerit,
768 2634 795 2680 et
810 2628 964 2691 ornaverit,
1017 2637 1098 2679 esses
1112 2634 1218 2695 prepter
1232 2624 1400 2696 baptismum,
1420 2635 1446 2681 et
1465 2626 1642 2693 poeaiteatr'em
1656 2626 1816 2693 multorum,

165 2728 197 2776 ut
208 2734 279 2774 unos
292 2719 422 2791 deinceps
431 2721 490 2789 ejars
503 2729 599 2775 auctor
613 2718 702 2773 dietus
717 2717 808 2774 luerit.
821 2717 888 2774 Earn
900 2735 966 2776 rere
1017 2717 1061 2782 gui
1073 2718 1453 2789 corrueretmtureapagaate
1465 2719 1511 2774 sed
1524 2719 1585 2789 quia
1597 2729 1657 2790 pest
1671 2721 1819 2778 Deciauam

165 2820 364 2879 restauratam,
385 2812 576 2882 amplificatam
593 2823 675 2883 atque
692 2820 816 2868 ornatam
831 2821 966 2882 praeterea
1018 2812 1235 2880 persecutionem
1250 2825 1300 2865 usu
1316 2822 1454 2881 recepturo
1474 2811 1574 2879 luerat,
1587 2822 1615 2867 ut
1628 2813 1663 2870 ab
1680 2814 1819 2886 episcopis

165 2904 357 2969 consecravit,
374 2913 404 2958 ut
417 2919 451 2960 ex
464 2919 619 2960 marmoree
633 2916 810 2961 menomenae
822 2907 963 2973 discimus,
1017 2902 1168 2974 presbyteri
1190 2903 1295 2973 aliquot
1322 2904 1565 2972 constituerentur,
1588 2907 1634 2977 qui
1663 2911 1756 2979 lapsos
1782 2897 1818 2964 ad

166 2995 239 3068 gued
255 3012 270 3050 a
284 2995 417 3053 cardinali
439 2996 586 3063 Farnesie,
605 3012 666 3052 cem
686 3013 746 3054 eam
762 2998 902 3053 basilicam
916 3000 966 3055 ite·
1021 2997 1209 3067 poenitentiam
1226 2998 1380 3068 reciperent
1391 2997 1440 3070 (c).
1454 3000 1596 3056 llareelles
1611 3012 1640 3058 ut
1653 3003 1819 3061 Christianis

165 3104 226 3146 rum
238 3089 380 3154 reliceret,
394 3099 544 3160 repertum,
556 3099 583 3144 et
596 3090 629 3144 ad
644 3089 717 3145 aedes
730 3090 891 3185 trapslntum
902 3106 965 3150 suas
979 3087 1002 3152 C
1018 3088 1144 3144 diuturna
1164 3090 1393 3163 acerbissimeque
1423 3094 1606 3150 lliecletianea
1629 3102 1819 3166 perseeutione
1872 3151 1874 3154 a

166 3179 256 3238 adem
267 3193 391 3240 servatur
404 3182 447 3238 his
457 3183 618 3253 inscriptum
633 3181 743 3239 litteris.

398 3318 429 3375 T.
446 3318 466 3374 Ι.
482 3318 517 3375 ΙΙ.
533 3317 567 3375 N.
585 3317 654 3375 EGO
667 3319 741 3377 dett

422 3412 716 3493 astusrnineam

388 3527 752 3604 resauceearico'sa

394 3650 501 3711 GRAVI
522 3653 555 3711 Ν.
569 3655 604 3712 R.
620 3659 655 3715 tl.
671 3655 701 3713 s,
717 3655 754 3712 ll.
1019 3647 1110 3704 nicate
1127 3647 1234 3704 seilicet
1256 3651 1420 3719 prenitentes
1444 3652 1636 3708 reconciliandi
1663 3665 1691 3710 et
1715 3652 1821 3724 baptis·

479 3745 555 3803 sPA.
568 3747 598 3804 s.
613 3748 665 3804 ΡΕ,
1018 3755 1092 3796 mura
1108 3737 1266 3795 conlereodi
1273 3742 1346 3812 jure,
1358 3743 1429 3812 qraed
1443 3757 1504 3799 cuna
1519 3753 1592 3800 esset
1605 3745 1685 3802 unius
1695 3744 1820 3817 episcopi

168 3834 226 3893 llas
237 3851 288 3908 ege
301 3837 407 3895 litteras
421 3839 473 3896 bec
493 3839 553 3895 lece
573 3839 732 3909 transcripsi
751 3853 784 3895 ee
803 3839 900 3907 mede,
915 3854 969 3909 quo
1019 3834 1175 3906 preprium,
1190 3833 1234 3901 iis,
1248 3836 1345 3906 quibos
1357 3836 1547 3894 conterebatur
1558 3840 1650 3905 titulis,
1663 3839 1821 3909 prestabat,

169 3927 334 3984 immortalis
350 3932 488 3985 memoriae
502 3933 544 3986 air
555 3931 716 3986 Franciseus
730 3928 894 3985 Blanchinus
909 3945 970 4000 pes·
1022 3935 1051 3981 ut
1072 3926 1146 3996 puori
1155 3925 1275 3982 dioeceses
1289 3942 1351 3985 csse
1368 3929 1535 3997 riderentur,
1551 3945 1583 3986 ac
1597 3946 1691 3987 earum
1705 3931 1822 4004 presby·

170 4019 267 4074 tremis
281 4021 356 4076 euris
370 4023 515 4091 expressit.
531 4019 671 4077 Nemeum
687 4027 761 4091 prius
774 4036 821 4077 eas
835 4024 971 4079 retulisset
1022 4017 1168 4090 trainensi
1181 4019 1389 4091 episcopi.Erat
1404 4022 1544 4092 itaque,ut
1559 4023 1628 4076 tituli
1644 4022 1820 4092 nuncupatio,

171 4109 200 4166 in
214 4109 414 4180 prolegomenis
429 4112 462 4168 ad
479 4111 595 4183 primum
611 4113 747 4169 Anastasii
771 4122 891 4181 temero,
905 4114 971 4186 lapi·
1021 4111 1061 4167 sic
1074 4115 1156 4167 etiam
1179 4125 1319 4167 sacrorum
1348 4128 1412 4168 uses
1433 4113 1585 4169 communis
1600 4114 1709 4169 ceteris
1736 4114 1818 4169 etiam

171 4201 234 4260 dem
252 4202 350 4260 deinde
376 4202 444 4260 lerte
469 4204 626 4277 diligentius
645 4206 835 4276 observatum,
864 4224 896 4263 ae
918 4223 971 4265 ena
1022 4205 1142 4262 basilicis
1158 4204 1250 4262 Urbis.
1264 4204 1297 4260 Aa
1309 4205 1453 4277 illamque
1466 4205 1519 4261 bec
1537 4205 1667 4276 peculiari
1678 4205 1740 4276 jure
1751 4220 1821 4277 praa-

170 4307 276 4355 tantum
292 4298 358 4369 sigla
371 4300 401 4354 ll.
415 4300 476 4356 leee
486 4301 609 4357 alterius.
620 4302 652 4372 Q.
664 4317 745 4373 quam
756 4312 836 4359 antea
851 4303 972 4374 descrip-
1023 4303 1097 4354 terea
1121 4298 1279 4364 utebantur,
1291 4297 1407 4369 majores
1423 4313 1479 4368 prae
1498 4299 1621 4364 caeteris,
1639 4313 1671 4355 ac
1685 4298 1823 4368 digniores

170 4401 245 4448 serat
262 4392 432 4448 immutatum
450 4394 550 4450 iterum
570 4394 661 4449 attralit
682 4396 709 4449 in
732 4394 805 4450 netis
834 4395 971 4453 laistericis
1024 4392 1203 4460 lrabebontur,
1220 4393 1292 4449 unde
1304 4391 1357 4449 illis
1365 4391 1538 4449 cardinalium
1548 4394 1684 4449 titulorum
1700 4393 1820 4450 recubu·

171 4483 206 4540 ad
216 4485 321 4541 Damasi
338 4487 423 4543 uestri
435 4485 537 4555 Vitam,
551 4497 616 4544 tem.
629 4487 674 4552 ill,
686 4498 767 4559 atque
782 4489 816 4542 ita
828 4489 973 4559 explicavit
985 4480 1013 4542 D
1025 4484 1080 4540 loro
1096 4486 1226 4557 deinceps
1241 4487 1328 4542 lraasit.
1345 4485 1434 4557 Atque
1449 4487 1508 4543 lraec
1522 4495 1601 4552 sunt,
1617 4501 1677 4557 quae
1692 4486 1824 4543 Damasus

173 4575 275 4634 Titulus
285 4581 313 4635 irt
323 4578 421 4636 Clttistr'
435 4582 537 4636 tremine
550 4597 560 4637 .·
573 4581 630 4654 Ege
642 4580 772 4638 Damasus
787 4582 863 4639 Urbis
882 4583 973 4639 Remoe
1025 4579 1112 4635 helea
1127 4597 1158 4637 se
1168 4592 1274 4646 rreeetoe,
1287 4589 1448 4644 restauratae,
1461 4579 1586 4635 dedicate
1597 4578 1697 4645 turreis,
1706 4591 1733 4636 et
1743 4579 1824 4636 donis

173 4667 321 4740 Episcopus
330 4675 398 4727 laone
411 4672 515 4729 domum
525 4676 682 4741 consecrari,
692 4690 761 4730 aene
770 4676 886 4748 regione,
900 4673 973 4729 dedi·
1023 4684 1111 4728 aurete
1141 4673 1260 4729 basilicae
1286 4672 1415 4729 benelleia
1431 4673 1570 4744 prestitit,
1588 4682 1617 4728 ut
1648 4686 1729 4743 supra
1754 4671 1824 4728 alias

173 4772 259 4820 cotum
270 4764 416 4835 Septembri
435 4784 531 4834 nterare,
551 4767 581 4824 S.
597 4767 710 4834 Paulus,
727 4768 758 4824 S.
777 4768 883 4834 Petrus,
895 4769 972 4839 eujus
1024 4767 1173 4840 permultas
1187 4767 1375 4824 extolleretur.

173 4854 273 4913 deinde
282 4858 384 4912 mensis
397 4860 481 4928 priora
491 4861 536 4916 die
546 4860 673 4918 ebserrat
687 4862 712 4914 io
723 4875 754 4916 ea
767 4860 877 4916 basilica
889 4871 973 4931 gestae
1061 4861 1139 4918 llum
1153 4861 1328 4918 lertissirnom
1342 4871 1490 4935 martyrem
1503 4862 1632 4918 lienaanis
1644 4862 1765 4930 civibus,
1780 4879 1826 4922 se·

1025 4969 1073 5011 cus
1084 4971 1115 5011 ac
1126 4954 1256 5011 hactenus
1267 4958 1399 5012 creditum
1413 4957 1519 5023 suerat,
1531 4956 1765 5012 annumerandum
1776 4955 1826 5013 de·

1018 3182 1162 3252 prostratis
1180 3183 1356 3249 consuleret,
1372 3185 1429 3240 loca
1444 3184 1478 3240 iis
1495 3186 1676 3257 recipiendis,
1692 3204 1747 3245 nen
1763 3198 1818 3244 tam

1018 3275 1208 3343 constituisse,
1220 3292 1299 3346 eoam
1311 3277 1463 3333 restituisse
1475 3278 1559 3334 uideri
1571 3288 1670 3350 petest.
1686 3277 1753 3337 Cum
1768 3281 1820 3352 igi·

1020 3377 1065 3424 tur
1077 3370 1132 3439 jani
1146 3378 1187 3426 tet
1197 3380 1290 3426 essem
1301 3371 1383 3437 tltarlr',
1396 3381 1462 3443 quet
1477 3370 1609 3442 basilice,
1621 3387 1653 3429 ae
1664 3373 1722 3429 loca
1733 3372 1820 3429 sacris

977 3499 981 3505 -
1019 3463 1131 3535 agendis
1142 3465 1295 3536 assignata,
1310 3482 1344 3522 ex
1357 3469 1484 3522 omnibus
1497 3466 1578 3540 elegit
1591 3469 1684 3540 viginti
1697 3470 1820 3541 quinque

1019 3554 1169 3624 dunataxat,
1184 3572 1285 3628 eosque
1298 3559 1373 3628 geori
1385 3558 1505 3616 dioeeetet
1516 3575 1576 3616 esse
1585 3561 1682 3632 jussit,
1696 3575 1821 3618 mmmc-

173 5041 205 5100 S.
220 5041 276 5110 ll.,
292 5057 342 5099 nec
367 5057 437 5098 aena
461 5046 536 5115 regie
557 5045 677 5116 placeat,
693 5063 743 5102 nec
763 5047 903 5103 solitarius
927 5047 971 5103 die

174 5144 249 5191 certa
263 5151 317 5191 nen
331 5134 490 5206 designata,
506 5150 632 5206 antaeeue
644 5153 697 5194 nen
710 5136 855 5208 adscriptis
868 5154 970 5193 coarsu-

173 5227 246 5284 libus
259 5245 392 5302 expresse
406 5230 556 5302 September
563 5233 669 5295 menes,
677 5232 768 5300 legere
779 5233 848 5286 terte
859 5233 969 5302 peterit,

174 5318 242 5375 lrrac
253 5322 357 5378 dentum
371 5324 518 5378 consecrari
529 5332 662 5391 uerutum,
673 5323 810 5394 resectum,
822 5324 970 5382 dedicatum

175 5411 207 5467 S.
232 5412 343 5487 Horten·
355 5434 365 5472 .·
377 5419 510 5490 siertidern
533 5418 592 5474 baec
614 5420 703 5475 emnia
719 5420 823 5492 reipsa
839 5419 970 5478 llamasus

174 5510 240 5559 tone
263 5511 398 5575 praestitit.
421 5512 554 5569 Caeterum
569 5512 710 5572 observari
722 5516 774 5573 lree
787 5516 848 5573 lece
862 5523 968 5586 petest,

211 5618 252 5686 (α)
267 5617 333 5673 llus.
351 5620 421 5688 liat..
434 5633 501 5682 tom.
514 5627 534 5692 1,
547 5644 573 5699 p.
587 5629 632 5686 89.
667 5624 671 5631 ’

212 5689 251 5764 (i)
266 5690 304 5748 lle
318 5691 386 5749 dise.
405 5709 476 5768 arg,
490 5714 551 5770 cap.
568 5697 613 5756 tt.

1026 5047 1186 5102 monstrarit
1214 5046 1348 5116 insopitus
1375 5048 1541 5103 Blanrlainus
1568 5049 1611 5104 vir
1638 5049 1705 5104 clar.
1727 5061 1825 5119 aperte

1025 5141 1125 5196 Leertis
1146 5141 1235 5212 Magni
1259 5141 1431 5208 testimonie,
1450 5156 1483 5197 cx
1505 5142 1591 5213 ipsios
1604 5140 1826 5201 saroameotarm

1025 5248 1112 5302 nuper
1127 5246 1183 5288 ase
1200 5232 1282 5288 edite.
1300 5231 1357 5304 Ege
1371 5247 1436 5289 vere
1450 5232 1533 5288 alium
1547 5245 1643 5290 sarecto
1657 5234 1720 5290 lauic
1735 5235 1825 5306 ponti·

1024 5325 1067 5382 llei
1084 5334 1181 5381 testem
1197 5325 1258 5381 addi
1269 5327 1498 5397 pesseexistime,
1515 5327 1692 5383 Prudentiae.
1706 5317 1825 5394 seilicet,

1023 5420 1070 5493 qui
1087 5419 1213 5474 llemanae
1228 5420 1302 5476 urbis
1314 5420 1409 5492 gleriae
1419 5421 1472 5477 hec
1484 5437 1565 5476 orrum
1580 5419 1700 5479 deluisse
1716 5422 1824 5491 scribit,

1023 5524 1054 5574 ut
1069 5529 1129 5589 pest
1139 5518 1271 5575 domitum
1286 5519 1380 5574 orbem
1396 5529 1529 5575 terrarum
1548 5518 1671 5577 vinceret
1691 5518 1826 5591 Spurcum

1064 5632 1100 5706 (e)
1114 5634 1189 5706 See,
1202 5634 1249 5691 lib.
1262 5651 1289 5704 a,
1304 5648 1365 5705 cap.
1381 5633 1424 5692 ill.
