3900 6134
122 253 162 315 ts
832 246 876 307 us
892 244 1092 307 emittitis.
1743 256 1779 313 ta

122 370 201 442 prasi
216 385 252 427 ex
263 367 406 440 diseiplina
427 376 542 424 terrenae
562 366 761 437 supputationis
778 366 787 398 ¹
808 365 928 422 cineum·
941 364 969 429 A
981 359 1075 426 deitas,
1093 369 1120 417 et
1133 375 1187 417 non
1201 362 1373 433 blasphemet
1386 364 1412 418 in
1424 364 1581 436 Christum,
1595 380 1676 442 quem
1691 366 1777 427 tilium

123 463 246 533 scriptor
260 461 399 517 advenias.
415 459 521 532 inspice
535 459 626 531 potins
644 458 751 515 divinos
772 459 875 528 libros,
898 466 927 516 et
977 453 1130 510 confltetur.
1146 454 1211 510 item
1226 457 1307 512 Arius
1328 465 1408 528 negat
1421 457 1559 516 Christum
1574 475 1635 518 esse
1649 473 1752 533 patrem
1770 481 1777 518 ε

124 554 162 611 de
173 554 265 610 divina
282 553 333 608 ilde
344 550 444 609 divinis
458 562 537 608 utere
557 549 741 607 sermonibus.
758 548 858 622 Legisti
874 548 926 605 uti·
979 558 1058 621 negot
1071 549 1123 606 boe
1136 556 1165 606 et
1178 550 1330 617 sabellius,
1344 561 1372 606 et
1387 551 1430 622 ple
1444 552 1554 620 credat,
1569 554 1641 623 guod
1656 556 1780 614 cbristus

126 662 199 717 oue,
216 645 249 700 Et
262 645 289 700 1ιι
303 644 400 700 iumine
412 653 456 698 tuo
469 643 610 698 uidebimur
624 642 710 698 iumen
722 640 812 714 (Pani.
829 655 924 710 xxxv,
978 658 1042 699 vere
1058 643 1130 700 [iens
1145 652 1205 710 est,
1221 659 1275 700 non
1295 645 1417 701 existens
1438 657 1530 717 pater,
1556 648 1604 703 sed
1624 648 1707 706 illius.
1724 648 1780 708 td-

130 739 187 810 iiii.
202 739 267 807 Quse
294 737 340 794 itio
358 735 485 793 distantia
509 735 647 791 luminisa
667 733 769 790 iumine
793 734 856 790 esti
880 746 928 803 po-
978 735 1032 792 bue
1054 736 1174 807 apertius
1198 737 1297 792 dicam.
1313 732 1448 794 sabellius
1469 739 1560 794 vineat
1579 738 1691 808 Arium,
1707 740 1781 812 quod

127 829 224 885 suisset
236 829 309 885 enirn
325 836 353 885 et
367 828 546 895 distantiam,
560 828 582 882 si
598 827 712 892 inisset,
729 827 835 898 nequis
847 825 927 883 iumi-
978 832 1104 887 cbristus
1118 846 1198 887 uenas
1212 829 1282 888 Deus
1298 840 1361 896 est;
1373 839 1401 887 et
1416 831 1496 887 brius
1509 832 1600 889 vineat
1610 831 1779 904 Sabellium,

126 926 167 980 nis
180 940 196 980 a
211 924 316 980 lumine
338 923 443 979 oollam
465 921 622 977 distantiam
644 919 770 977 erederet
790 917 884 991 :qood
902 918 925 975 si
979 924 1052 998 quod
1075 923 1201 982 cbristus
1214 927 1264 981 snb
1279 921 1451 982 ooniessione
1466 926 1523 982 teri
1542 925 1589 982 oet
1604 941 1683 985 rems
1696 939 1725 986 et
1748 927 1782 985 d-

124 1019 197 1075 nuiia
210 1017 341 1075 distantis
353 1022 412 1084 est,
428 1030 482 1072 non
498 1030 564 1088 ergo
579 1015 634 1071 dno
647 1012 765 1082 lumina,
781 1013 830 1069 sed
844 1025 927 1068 unum
979 1019 1033 1075 lius
1048 1024 1091 1075 est
1105 1034 1112 1074 a
1128 1029 1155 1074 ot
1169 1016 1236 1075 milti
1251 1016 1386 1076 catholico
1402 1016 1482 1076 ambo
1495 1019 1632 1090 nieernnt,
1656 1023 1739 1080 immo
1753 1035 1782 1083 et

125 1112 215 1169 iumen
235 1121 297 1181 est,
318 1126 380 1167 rum
396 1112 423 1166 in
437 1110 540 1167 lumine
554 1110 655 1180 patris,
673 1106 722 1163 diii
737 1109 828 1164 lumen
844 1120 929 1180 agno·
980 1125 1085 1167 meeum
1106 1111 1188 1168 ambo
1200 1111 1314 1168 vineunt
1330 1112 1477 1184 impietatis
1491 1127 1629 1179 errorem,
1645 1128 1706 1171 cum
1722 1130 1781 1174 me·

124 1208 220 1263 scitur.
236 1206 294 1262 iloe
316 1206 407 1262 lumen
423 1211 466 1261 est
475 1203 511 1260 de
524 1218 577 1273 quo
591 1211 619 1259 et
633 1202 727 1259 Daniel
743 1201 862 1273 loquitur
884 1198 928 1256 di·
980 1216 1044 1258 eom
1059 1203 1245 1260 intellexerint
1257 1218 1341 1260 sarrae
1354 1203 1415 1261 iidei
1430 1202 1590 1272 veritatem,
1607 1220 1667 1278 otte
1682 1216 1709 1264 et
1724 1208 1784 1279 piu-

125 1313 211 1363 cens,
227 1296 260 1352 iit
275 1298 360 1353 iernen
371 1313 430 1352 cum
442 1297 500 1364 ipso
512 1305 550 1351 eet
564 1295 646 1369 (bon.
657 1311 686 1361 n,
701 1292 749 1367 22)
766 1314 771 1348 :
788 1292 927 1351 nonenim
982 1293 1117 1353 natitatem
1130 1311 1311 1368 persomrum
1324 1296 1467 1369 intelligit,
1483 1307 1511 1354 et
1525 1297 1657 1356 unitatem
1672 1300 1783 1358 deitatis

127 1392 163 1450 de
175 1394 264 1465 aliqua
277 1382 401 1448 ereatura
418 1390 470 1447 boe
482 1390 600 1458 dicitur,
615 1387 664 1445 sed
679 1388 713 1445 de
727 1388 873 1460 splendore
887 1384 929 1458 ip·
981 1385 1008 1441 in
1025 1385 1076 1443 bae
1091 1389 1315 1459 pronuntiatione
1329 1389 1436 1444 bonini
1449 1388 1584 1460 dicentis,
1600 1389 1659 1466 Ego
1672 1402 1696 1447 et
1710 1401 1783 1464 peter

127 1489 185 1542 sius
212 1486 260 1542 liei
283 1485 427 1541 existentis
458 1483 620 1555 sempiterni
652 1483 770 1538 luminis.
797 1481 827 1538 si
852 1490 930 1553 pater
981 1497 1061 1535 attera
1073 1480 1243 1537 antestet
1260 1479 1784 1555 itanedlvinampmnontiationem,et

126 1581 322 1651 sempiternom
338 1578 431 1634 iumen
451 1582 510 1646 est,
528 1576 588 1633 sine
603 1575 685 1632 dubio
703 1582 731 1632 et
747 1575 817 1631 illius
838 1575 928 1630 iumen
982 1572 1053 1630 itane
1082 1573 1154 1646 piam
1187 1573 1287 1630 divinae
1314 1572 1545 1646 pronuntiationis
1575 1577 1782 1650 intelligentiam

126 1680 169 1730 est
189 1673 399 1745 sempiternom.
420 1668 450 1728 Si
471 1684 538 1726 nero
554 1676 667 1742 negator
690 1669 760 1724 itlius
774 1667 822 1724 liei
837 1667 928 1723 lumen
983 1666 1040 1722 deii
1055 1673 1206 1735 sectatores
1219 1681 1280 1723 enm
1297 1676 1421 1741 quarunt
1443 1669 1619 1739 subvertere,
1635 1671 1689 1727 aiio
1702 1670 1784 1730 mode

89 1791 99 1805 ·
126 1779 190 1822 osse
207 1764 422 1836 sempiternum,
445 1762 582 1834 quomodo
605 1763 633 1817 in
656 1762 742 1833 patris
761 1760 929 1831 sempiterno
944 1765 968 1827 Β
982 1761 1211 1834 interpretantur,
1226 1770 1254 1818 et
1275 1762 1389 1831 dieunt,
1406 1778 1489 1820 noum
1504 1773 1568 1821 sont
1588 1763 1713 1839 quidem,
1735 1766 1785 1825 sed

128 1857 232 1913 iumine
245 1858 335 1913 iunten
352 1857 400 1912 1111
414 1897 422 1921 ,
436 1854 509 1927 quod
525 1870 580 1910 non
594 1862 638 1911 est
652 1855 868 1926 sempiternum,
889 1851 930 1908 vl·
983 1868 1036 1909 non
1051 1854 1219 1922 substantia,
1236 1868 1288 1911 non
1302 1853 1421 1921 deitate,
1435 1870 1489 1911 non
1506 1864 1659 1928 potestate,
1673 1859 1721 1916 sed
1737 1875 1785 1919 vo·

126 1951 226 2007 deteri
240 1950 295 2007 sed
312 1949 339 2004 in
355 1949 481 2005 laudibus
494 1948 543 2004 liei
559 1961 612 2004 non
629 1954 672 2004 est
692 1949 749 2002 itae
765 1947 830 2002 laisa
845 1944 931 2002 dictio
983 1947 1105 2003 luntate:
1121 1947 1146 2003 id
1160 1955 1219 2015 est,
1234 1951 1296 2018 quia
1310 1963 1392 2004 unam
1406 1946 1587 2022 eamdemque
1603 1949 1721 2008 babeant
1734 1969 1784 2010 tto·

128 2052 310 2101 sanctorum:
328 2042 360 2098 iit
382 2045 410 2098 itt
425 2043 520 2098 lamiae
535 2050 581 2097 tato
593 2042 733 2097 uidebimus
746 2042 842 2098 iernen.
859 2041 930 2112 Ergo
981 2040 1130 2107 lanimem,
1148 2039 1210 2097 ideo
1224 2041 1280 2107 ait,
1304 2039 1361 2113 Ego
1383 2051 1408 2098 et
1423 2052 1495 2113 poter
1517 2060 1598 2098 unam
1619 2060 1718 2102 eumue.
1740 2043 1786 2103 tti-

128 2148 157 2192 ιι
173 2137 221 2191 1111
234 2139 323 2192 iumen
335 2137 529 2205 sempiternum
542 2142 602 2202 est,
614 2135 686 2207 quod
698 2150 751 2190 non
763 2134 845 2190 distat
857 2150 872 2190 a
883 2147 930 2206 pa·
982 2133 1053 2200 cite,
1070 2133 1080 2164 ¹
1096 2148 1112 2189 o
1128 2133 1296 2206 impiissimi,
1311 2133 1513 2191 substantivum
1528 2135 1646 2193 Verbum
1660 2137 1707 2195 liei
1722 2144 1784 2208 est;

128 2229 178 2285 tris
194 2229 297 2283 lumine
316 2229 484 2300 sempiterno
499 2243 507 2293 3
528 2237 556 2283 et
571 2226 632 2283 ideo
647 2228 711 2284 iicet
735 2228 825 2283 iumen
840 2226 877 2283 sit
899 2227 931 2281 il·
982 2236 1010 2283 et
1024 2226 1069 2297 qui
1085 2225 1185 2298 lingue
1200 2241 1354 2285 sermonem
1368 2226 1456 2295 dedit,
1470 2227 1557 2284 nestit
1568 2228 1658 2302 ioqui,
1671 2240 1699 2287 et
1709 2230 1785 2304 igno·

128 2323 181 2378 line
194 2364 201 2387 ,
215 2332 242 2378 et
258 2330 334 2394 pater
347 2323 439 2378 lumen
455 2322 506 2387 sit;
523 2336 605 2377 unum
623 2330 712 2377 tamen
737 2322 822 2392 patris
836 2332 864 2377 et
883 2318 932 2377 dlii
983 2318 1054 2375 rania
1074 2318 1159 2375 altum
1174 2335 1285 2376 sensum
1301 2326 1420 2376 nestrum
1441 2323 1560 2395 propriis
1581 2331 1609 2380 et
1628 2335 1787 2396 competen-

128 2417 221 2472 iutnen
233 2426 291 2481 est,
305 2419 368 2483 noia
390 2415 417 2472 in
433 2423 510 2486 patre
524 2422 552 2471 et
571 2414 627 2470 iiio
643 2415 716 2470 nulla
732 2413 862 2470 diseretio
877 2420 929 2482 est,
984 2413 1054 2470 tibus
1069 2413 1240 2471 sermonibus
1255 2414 1393 2486 explicare
1407 2457 1415 2483 ,
1431 2425 1458 2471 et
1472 2413 1599 2474 ineiiloax
1610 2415 1661 2473 init
1673 2418 1784 2490 dicere,

128 2513 202 2567 nulla
217 2511 354 2581 separatio
376 2508 486 2565 leminis
500 2517 561 2576 est,
581 2507 719 2579 ottomodn
735 2521 786 2562 nee
805 2504 931 2577 imaginis
984 2507 1041 2580 ugo
1054 2518 1078 2564 et
1100 2518 1174 2582 poter
1188 2526 1268 2565 unum
1287 2511 1421 2578 erismae,
1445 2510 1468 2566 si
1491 2521 1580 2569 tanmn
1604 2512 1657 2570 boo
1672 2515 1698 2571 in
1723 2513 1786 2573 loeo

128 2606 279 2662 seeundum
290 2604 420 2676 iioysen,
433 2617 483 2659 nee
497 2602 592 2659 iormae
605 2600 756 2658 seeundum
776 2599 930 2671 apostolum
984 2600 1114 2656 unitatem
1135 2600 1299 2668 volnattatis,
1324 2609 1353 2659 et
1372 2616 1426 2659 non
1450 2604 1609 2661 substantiae
1628 2620 1660 2662 ae
1678 2605 1787 2666 deitatis

128 2700 256 2756 Paulum.
984 2693 1229 2766 notebattntelttgi.

53 2783 68 2800 ⁰
167 2790 214 2847 ttt.
233 2791 439 2848 sacramentum
453 2797 544 2845 autent
561 2787 751 2859 inseparabilis
765 2786 876 2842 unitatis
889 2800 933 2841 se·
1019 2785 1077 2841 1111.
1091 2786 1145 2844 Sed
1160 2802 1242 2852 nune,
1258 2802 1362 2858 quaeso,
1379 2787 1657 2860 Regina,memineris
1667 2810 1727 2865 quae
1742 2804 1789 2852 ea-

129 2885 248 2941 onndum
265 2886 333 2950 itae,
349 2883 422 2955 quod
442 2892 573 2952 uterque,
593 2880 619 2937 id
642 2889 705 2947 est,
721 2889 797 2948 pater
811 2888 839 2934 et
860 2879 933 2934 iliius
985 2876 1069 2948 pitola
1087 2893 1121 2933 er
1144 2872 1261 2948 perso'ns
1279 2877 1468 2936 hereticorum
1490 2881 1612 2940 seribere
1622 2883 1731 2956 dignata
1744 2898 1786 2944 es.

131 2981 273 3051 equaliter
292 2988 320 3035 et
340 2979 474 3039 indivise.
489 2992 578 3048 neque
598 2975 746 3031 seruandum
763 2975 931 3047 portionem,
986 2969 1038 3042 ipsi
1060 2971 1181 3027 haretici
1201 2972 1293 3037 aiunt,
1317 2971 1370 3041 Qui
1394 2989 1435 3030 me
1458 2975 1529 3030 misit
1546 2986 1634 3048 poter,
1647 2980 1703 3049 ipse
1722 2979 1789 3037 ntiiti

134 3071 205 3127 liene
214 3085 284 3126 attus
298 3089 306 3127 ι
319 3081 346 3127 et
357 3070 521 3142 pluralitatis
534 3068 683 3126 sectandam
695 3068 745 3124 boe
755 3111 762 3135 ,
774 3066 846 3138 quod
864 3080 933 3122 unus
986 3073 1145 3136 preceptum
1158 3063 1240 3131 dedit,
1251 3065 1315 3136 quid
1329 3067 1413 3121 dieora
1423 3076 1447 3122 et
1461 3068 1720 3146 qaidiogueriioon.
1734 3090 1787 3144 ιιι,

133 3174 211 3234 pater
224 3173 281 3230 est,
296 3172 324 3219 et
338 3178 407 3219 unas
421 3163 502 3218 iilius.
518 3160 606 3217 Etiam
621 3159 655 3216 de
671 3159 722 3215 itoe
737 3160 857 3229 eapitnlo
871 3173 929 3213 ma·
944 3160 967 3223 c
983 3156 1031 3228 19)
1044 3173 1051 3211 :
1063 3165 1091 3213 et
1112 3154 1251 3212 neeman
1266 3156 1387 3223 doceis,
1405 3175 1455 3215 aon
1475 3170 1502 3215 ut
1522 3165 1617 3234 faeiem
1628 3166 1786 3224 uoluntatem

133 3256 276 3311 niiesuttut·
286 3256 357 3327 quod
371 3256 486 3326 legimns
499 3257 525 3311 itt
539 3255 703 3324 Etattgeiio,
718 3254 777 3323 ipso
788 3252 933 3308 Salvatore
985 3266 1079 3317 menan,
1098 3249 1143 3306 ted
1155 3250 1314 3305 eoittntotem
1327 3255 1383 3326 ejus
1395 3255 1438 3321 qui
1448 3256 1517 3308 arisit
1530 3270 1580 3320 me,
1596 3260 1677 3327 petris
1692 3259 1785 3335 (daea.

131 3347 256 3416 dieente,
271 3347 362 3421 Eooet
375 3358 448 3419 poter
458 3363 537 3402 antam
547 3363 635 3400 samaa
647 3342 737 3415 (ioan.
752 3360 785 3408 ιι,
801 3345 860 3415 sil).
878 3343 932 3400 Sa·
985 3358 1022 3410 11,
1034 3343 1092 3415 38).
1108 3343 1165 3399 lloe
1182 3342 1325 3398 artificium
1339 3343 1528 3402 iteretieorum
1539 3359 1591 3415 est,
1605 3361 1633 3405 nt
1650 3351 1716 3409 alibi
1737 3369 1786 3410 ne·

131 3456 190 3494 reas
209 3440 282 3496 etnim
296 3439 479 3513 pluralitatem
502 3438 637 3510 signiiicat
659 3450 853 3507 personarum,
870 3435 933 3506 quia
984 3445 1058 3507 gent,
1074 3436 1146 3506 qnod
1162 3434 1227 3491 aiibi
1246 3436 1432 3493 cantitentur:
1454 3450 1483 3495 nt
1495 3455 1557 3496 eum
1571 3457 1601 3499 se
1615 3444 1707 3502 uident
1720 3462 1789 3517 prae·

132 3528 935 3604 ltiepater,etbiefiliusriiaaraantentunameamdem·
985 3529 1102 3585 sentium
1140 3531 1322 3600 quaestionum
1363 3533 1583 3593 absolutionibus
1608 3538 1788 3600 vehementer

131 3643 187 3700 que
201 3629 228 3683 itt
243 3637 318 3703 patre
333 3637 361 3685 et
382 3626 437 3682 iiiio
458 3625 638 3682 substantiam
658 3623 842 3692 deitatemque
865 3637 934 3678 eon·
985 3623 1387 3694 astringi,serpeptinolubrico
1396 3643 1504 3697 semper
1517 3630 1638 3688 eludant.
1650 3634 1732 3691 Certe
1742 3635 1787 3692 di-

132 3723 241 3791 signat,
254 3729 286 3776 ut
306 3734 372 3777 tere
386 3728 463 3791 pater
476 3727 504 3775 et
526 3718 598 3774 iiiitts
613 3731 684 3773 unos
699 3717 770 3772 ileos
796 3715 847 3782 sit;
872 3729 934 3771 eum
985 3715 1062 3781 citis,
1085 3728 1102 3770 o
1125 3713 1263 3781 heretici,
1278 3727 1443 3788 preceptum
1465 3719 1573 3777 dedisse
1596 3724 1652 3780 blio
1667 3737 1786 3797 patrem,

132 3815 232 3879 ambo,
254 3812 281 3869 td
303 3821 362 3881 est,
379 3822 457 3885 pater
470 3821 499 3869 et
513 3811 584 3867 iilius
600 3827 683 3866 unont
705 3820 768 3865 sunt
784 3807 933 3865 secundnm
985 3806 1049 3879 quid
1065 3806 1147 3873 dieat,
1164 3808 1227 3879 aptid
1240 3807 1366 3879 loquatur
1383 3819 1429 3867 zet
1441 3813 1576 3882 quomodo
1591 3818 1668 3888 quasi
1682 3824 1788 3878 neseiat

132 3904 282 3972 deitatem,
298 3919 352 3961 non
366 3919 438 3960 unus
457 3902 605 3960 seeundum
622 3916 764 3973 personas.
782 3900 837 3971 Ego
849 3911 873 3955 et
888 3917 935 3971 pe·
985 3901 1077 3973 ioqui,
1095 3917 1142 3957 sos
1164 3903 1246 3958 verba
1263 3903 1322 3973 ejus
1337 3902 1500 3974 emendatis,
1516 3906 1598 3964 immo
1607 3909 1663 3981 jam
1684 3913 1787 3982 potuim

134 4011 175 4055 ter
187 4016 268 4054 ιιιιιιιιι
280 4016 371 4056 meter
383 4014 393 4056 a
408 3999 460 4055 bae
473 4012 528 4054 una
541 4011 607 4053 rore
622 4008 647 4052 et
662 3995 797 4052 sabellius
812 3993 934 4050 excludi·
986 3995 1049 4066 quia
1065 3994 1138 4064 fliius
1153 3994 1225 4066 qnod
1238 3994 1315 4061 dicit,
1332 3997 1404 4069 quod
1415 3998 1545 4070 loquitur,
1557 4003 1705 4059 seeundum
1716 4020 1788 4078 prem

134 4102 196 4162 tur,
212 4103 240 4151 et
252 4094 355 4151 delate*
368 4094 533 4150 conletatur.
548 4091 685 4148 sabellius
700 4091 772 4147 enim
786 4089 874 4161 ipsum
891 4088 933 4145 di·
986 4097 1094 4160 ceptum
1108 4087 1180 4159 qttod
1192 4087 1267 4144 dedit
1280 4089 1304 4143 ei
1315 4098 1402 4159 pater,
1412 4101 1440 4146 et
1451 4090 1518 4149 dicit
1531 4103 1559 4151 et
1574 4092 1788 4166 loquiturdam-

134 4188 173 4244 eit
183 4199 308 4259 petrem,
324 4189 369 4260 qui
384 4189 421 4244 sit
435 4195 465 4244 et
477 4187 565 4253 iilius,
581 4185 633 4241 ltoe
648 4184 744 4248 modo,
763 4180 934 4253 tamquamsi
987 4195 1021 4237 ne
1041 4179 1213 4252 intelligitis,
1232 4180 1297 4251 quia
1320 4195 1381 4236 eum
1405 4181 1519 4252 proiano
1543 4185 1640 4255 spiritu
1655 4188 1788 4249 adversus

135 4297 207 4336 unm
219 4282 314 4339 babeat
325 4281 381 4337 duo
392 4281 519 4346 nomina,
535 4289 562 4336 et
571 4278 766 4349 interpretatur
780 4290 860 4329 oanan
874 4274 935 4330 ideo
987 4272 1034 4329 iliii
1060 4274 1188 4330 deitatem
1214 4285 1343 4328 exercere
1365 4274 1531 4336 contenditis
1552 4288 1669 4335 vestram
1690 4295 1787 4339 anten-

134 4374 255 4441 dietum‚
277 4385 306 4431 ut
326 4375 406 4430 ttnius
426 4389 553 4447 personae
573 4371 745 4444 singularitas
763 4369 932 4425 crederetur.
987 4367 1061 4434 tiam,
1074 4367 1156 4421 etiam
1172 4367 1198 4420 in
1215 4373 1318 4435 putrem
1334 4368 1511 4439 prorumpitis
1529 4368 1785 4433 insanientesiilia·

133 4465 236 4523 Contra
249 4482 313 4524 tero
324 4467 404 4523 drino
414 4466 563 4539 respitiens
573 4463 607 4520 sd
618 4464 670 4519 boo
680 4461 750 4534 quod
765 4462 819 4528 ait,
833 4474 933 4527 matur,
987 4470 1042 4517 mat
1067 4462 1155 4526 iilius,
1174 4458 1230 4532 Ego
1247 4468 1273 4515 et
1290 4468 1457 4528 paterarum
1478 4480 1567 4520 sumus
1582 4483 1592 4521 .·
1605 4477 1633 4523 et
1648 4480 1696 4524 vos
1709 4486 1777 4540 quas

134 4563 164 4617 ln
180 4561 232 4618 itoe
242 4575 387 4631 sermone,
400 4561 583 4634 pluralitatem
593 4556 766 4628 intelligens,
782 4552 934 4610 introduxit
946 4555 973 4620 1)
985 4552 1157 4626 grammatici
1176 4552 1252 4607 velut
1269 4551 1448 4610 ineiileaeiam
1468 4553 1612 4613 dominice
1626 4565 1786 4630 pronuntia·

134 4656 245 4727 inopiam
261 4656 441 4727 pluralitatem
459 4655 590 4720 deorum,
604 4652 719 4708 credens
734 4664 817 4706 unum
834 4647 935 4718 sempi-
984 4646 1066 4702 tionis
1083 4645 1216 4717 suppositi
1231 4646 1305 4701 serbi
1319 4644 1506 4704 demutatione
1521 4651 1678 4722 supplentes
1693 4670 1787 4714 ettten·

134 4760 244 4807 ganum
256 4752 339 4810 pm,
349 4796 356 4821 ‚
367 4764 394 4811 οι
404 4755 487 4810 ,pum
497 4752 543 4825 qui
553 4766 614 4808 ὣς,
624 4748 834 4820 ςαρρῐῑιυωῃ
850 4757 934 4800 urium
985 4738 1068 4805 datis,
1083 4749 1108 4793 et
1122 4738 1233 4793 dicitis:
1248 4737 1305 4793 lloo
1317 4739 1389 4809 qnod
1404 4741 1452 4808 ait,
1466 4757 1562 4811 eumue,
1578 4745 1695 4805 eobtmm
1705 4748 1786 4807 intei-

132 4846 366 4916 ontnipotentem,
379 4854 408 4903 et
418 4847 499 4902 aiiutn
511 4846 556 4917 nui
566 4859 619 4899 non
631 4842 666 4898 sit
676 4835 933 4912 omnipotenssm,
985 4833 1122 4905 ligendum
1141 4839 1199 4897 est;
1223 4839 1253 4887 ut
1266 4833 1369 4889 scilieet
1383 4833 1422 4890 sio
1434 4834 1535 4892 dietum
1550 4839 1596 4908 sit,
1614 4839 1668 4913 Ego
1678 4855 1701 4898 et
1713 4855 1786 4916 poter

132 4953 153 4991 o
163 4939 275 4994 eaeeitas
295 4939 323 4996 in
342 4939 481 5012 utrisqael
498 4939 600 4994 babent
613 4944 676 4992 ante
697 4935 790 4990 oeulos
803 4930 875 5002 quod
890 4929 934 5001 pie
985 4941 1066 4980 anum
1090 4925 1216 4980 sodomae.
1240 4924 1294 4981 Sed
1307 4925 1438 4982 reclamat
1453 4927 1524 4985 iilius
1538 4931 1619 4988 etiam
1632 4944 1725 4991 eontra
1738 4950 1787 4992 nos

134 5030 264 5099 ridant,
277 5039 307 5088 et
321 5032 437 5088 ineuntis
448 5029 646 5089 oiiensionibns
656 5028 739 5098 impie
750 5025 856 5097 litigare
869 5038 934 5078 eon·
985 5016 1080 5074 dicens
1091 5018 1145 5081 illa,
1163 5032 1223 5086 «puae
1238 5016 1306 5071 dixit
1319 5016 1352 5072 ad
1368 5029 1468 5076 nestrae
1482 5022 1629 5094 impietatis
1640 5029 1786 5098 participes

133 5123 268 5180 mma:
287 5127 384 5183 sanem
396 5127 567 5184 commodem
577 5125 628 5182 gibi
643 5137 740 5180 sensus
750 5137 813 5178 suos
825 5163 831 5185 ‚
845 5131 872 5176 er
884 5119 934 5190 piae
987 5113 1115 5170 ludaeos:
1133 5107 1220 5177 Quare
1234 5111 1361 5182 ioqueiom
1375 5129 1457 5168 meam
1469 5131 1519 5170 non
1530 5122 1683 5192 cognoscitis
1694 5119 1785 5190 (ioan.

134 5211 201 5272 ssei
225 5219 391 5290 perspicient
413 5219 565 5276 veritatem.
591 5216 728 5275 sabellius
752 5212 933 5270 admiratione
987 5222 1044 5274 vm,
1066 5203 1135 5278 isli
1148 5205 1271 5262 liabeant
1286 5204 1380 5262 loeum'
1397 5223 1474 5263 suum
1491 5213 1625 5280 parabola·
1641 5222 1668 5267 et
1685 5212 1789 5287 allego-

135 5311 266 5366 rirtututn
283 5329 351 5383 quas
365 5311 489 5370 Citristus
504 5313 665 5386 operabatur
676 5355 683 5379 ,
698 5309 837 5367 Cbristum
847 5308 933 5362 ileum
987 5301 1035 5356 tiae
1049 5310 1077 5355 et
1087 5300 1248 5371 aenigmata:
1266 5299 1316 5355 ltoc
1331 5310 1419 5357 tarnen
1433 5302 1494 5357 ioco
1502 5304 1674 5372 operose-tue
1685 5315 1716 5364 ei
1727 5309 1787 5381 pie-

132 5417 230 5458 uerum
246 5419 308 5461 osse
323 5406 422 5474 eredit,
446 5415 474 5463 et
495 5421 548 5461 non
568 5407 613 5477 qui
633 5402 783 5474 aliquando
802 5397 934 5471 eoepen't,
990 5409 1024 5450 oa
1041 5394 1144 5451 dietum
1166 5403 1223 5460 ost,
1240 5391 1300 5467 Epo
1317 5403 1342 5448 et
1360 5403 1434 5465 poter
1450 5408 1532 5449 ιιιιιιιιι
1553 5410 1643 5455 eumue
1659 5406 1788 5474 :etquo-

124 5480 183 5552 'sed
197 5497 243 5566 qni
257 5511 368 5569 semper
389 5498 487 5567 tuerit,
501 5506 529 5555 et
543 5498 628 5570 possit
641 5495 731 5551 omnia
752 5511 760 5550 a
775 5490 869 5549 eredat
883 5488 936 5547 boc
992 5490 1073 5546 modo
1088 5503 1170 5545 unum
1184 5496 1260 5554 sunt,
1281 5485 1346 5543 allbl
1357 5499 1466 5558 quoque
1479 5484 1610 5560 declarat,
1625 5504 1687 5554 eom
1702 5493 1789 5555 dicits
1881 5550 1889 5560 ,

172 5712 181 5743 ¹
204 5707 393 5768 cumam.
1028 5665 1182 5760 anessa
1196 5701 1281 5773 impii.

171 5779 184 5814 '
205 5781 390 5855 Contenditu.
648 5814 653 5821 ·
700 5822 702 5829 ,
