3900 6134
142 277 197 336 lbb

864 270 1134 332 babbatientium

1679 310 1683 315 ·
1750 277 1802 336 lbi

141 401 209 458 rer;
227 398 254 446 at
267 403 329 446 aum
344 388 418 446 decli
434 388 508 445 nullo
526 389 609 445 modo
625 399 735 459 posset,
763 389 879 445 Basilius
899 406 952 445 cre-
965 392 993 452 A
1004 391 1048 445 vix
1062 390 1176 459 elapso,
1193 388 1251 445 deri
1271 403 1324 444 nnn
1338 397 1445 460 potest.
1471 398 1500 446 ut
1515 391 1632 449 Basilius
1645 392 1726 450 riom
1742 408 1806 465 pro·

142 485 253 555 aerique
269 484 416 552 provinciae
428 484 557 553 praesules
572 483 768 549 obtinuerunt,
788 493 815 537 ut
835 484 887 538 iret
898 483 952 538 sal-

144 587 202 634 lem
216 577 252 633 ad
268 578 349 648 regiae
362 575 438 633 urbis
457 576 611 633 b'atbolicus
632 576 822 643 instruendas,
839 585 866 631 et
880 591 952 631 verm

142 672 283 730 doctrinar
305 674 331 730 in
346 688 377 727 ea
388 672 510 728 Ecclesia
528 672 647 744 reliquas
660 671 818 727 excitandas
837 671 950 727 favillas.

142 767 215 824 blac
227 768 299 824 enirn
309 776 350 822 est
362 781 455 832 causa,
467 781 515 822 eur
525 766 553 821 in
564 766 686 821 oralinne
696 765 730 821 de
743 765 868 820 laudibus
880 765 953 835 ejus-

143 860 212 916 dem
226 859 315 915 Basilii
332 859 508 927 profiteatur,
528 875 579 912 noa
604 868 696 929 prater
720 859 777 927 ep'rrr
798 858 951 912 rententr'om

145 953 365 1019 antennasque,
377 952 444 1006 illud
461 967 475 1005 a
492 967 521 1007 se
531 962 690 1020 susceptum
706 967 786 1016 onus,
802 963 882 1022 atque
894 952 952 1007 iaaac

147 1047 232 1101 verba
246 1043 392 1113 Gregorius
407 1044 604 1115 presbyterale
619 1044 804 1106 inlellcrerir,
820 1055 849 1099 ut.
861 1044 952 1099 Cesa-

145 1137 353 1208 rieusrspraesnl
369 1135 603 1206 Nazianzequam
611 1139 730 1192 currenni
746 1136 864 1192 stimulos
877 1138 953 1190 oddi-

146 1231 214 1287 derr't
228 1246 346 1302 cumque
360 1231 395 1285 ad
407 1230 542 1301 spirituale
555 1231 603 1285 boc
613 1239 739 1285 certamen
749 1230 950 1285 irrurraerit.Sed

144 1325 372 1395 curargumeulla
382 1324 483 1378 utimur
496 1340 550 1378 nan
565 1323 738 1386 arscessariis,
751 1339 812 1378 cum
826 1323 870 1377 ille
881 1319 953 1378 Crur-

144 1418 357 1488 stanrinopolim
379 1432 408 1472 se
423 1417 571 1472 accessisse
585 1427 709 1482 asserat,
735 1414 898 1488 Cappadocia
912 1433 953 1470 re·

144 1513 213 1568 licta
234 1511 285 1585 (a).
310 1510 442 1567 Constans
456 1512 548 1581 itaque
560 1520 718 1581 certumque
733 1521 774 1565 est
791 1509 952 1579 Gregorium

147 1605 276 1663 Seleucia
291 1604 468 1671 Naziuuzum,
482 1615 510 1660 et
524 1604 557 1659 ad
571 1619 637 1661 srvos
646 1619 794 1670 reversum,
807 1614 952 1673 antequam

143 1695 411 1767 Corrataurlnopulim
421 1697 649 1767 proliciscerernr.
662 1696 803 1767 Reliquam
816 1711 885 1750 nunc
900 1705 951 1764 est,

144 1801 176 1849 ut
199 1807 264 1846 eum
285 1797 352 1845 aare
374 1790 464 1845 Basilii
487 1800 623 1850 nrorrem.
646 1787 707 1843 inda
729 1789 840 1845 minime
853 1785 993 1845 abiisseB

144 1887 317 1957 probcrnus:
343 1894 372 1940 at
397 1882 448 1940 boc
470 1899 520 1938 una
537 1884 644 1952 eiusad
661 1882 826 1952 Simplicium
843 1882 953 1938 laareli-

130 1995 210 2037 ‚cam
230 1979 412 2049 pulcherrima
428 1979 544 2048 epistola
560 1977 740 2034 demonstrari
766 1986 864 2046 potest.
888 1977 954 2046 Ejus

144 2073 244 2144 iraque
266 2070 424 2140 irrequisirae
444 2085 477 2126 ae
498 2070 608 2125 unissime
628 2069 825 2125 corasenrientis
845 2084 953 2124 servum

146 2166 274 2224 Basilius
288 2178 349 2221 arne
361 2164 464 2234 aliquot
485 2178 572 2219 annos
585 2164 743 2234 episcopum
758 2164 952 2231 ordinaverat;

147 2258 286 2332 gravique
300 2257 397 2312 deinde
421 2266 448 2312 et
462 2256 615 2311 vehementi
631 2255 754 2310 orarinne
765 2256 885 2324 ejvrsdem
905 2256 955 2312 loe-

145 2353 232 2408 urinae
247 2349 330 2405 furias
356 2359 383 2405 et
407 2349 529 2404 convicia
549 2358 749 2418 cotupresserat
763 2346 811 2420 (b).
838 2349 873 2402 At
894 2363 955 2419 quae

146 2461 182 2502 eo
197 2445 307 2500 vivente
322 2443 422 2498 mutire
433 2443 548 2515 amplius
562 2459 615 2498 nou
625 2452 744 2504 auserat,
757 2443 801 2497 vix
814 2441 953 2508 delnuclo,

147 2536 290 2593 wentana
301 2534 403 2604 judicia
423 2535 536 2600 minari,
556 2543 636 2605 atque
663 2535 759 2590 ilerum
782 2534 956 2590 selvernenter

147 2628 318 2684 walendene
345 2627 442 2697 erepit.
478 2638 507 2682 ur
530 2626 665 2682 ordinatio
684 2626 728 2680 illa
758 2627 954 2696 antiquaretur.

149 2720 301 2791 Gregorius
313 2707 423 2790 igitur,
444 2719 487 2774 cui
501 2734 532 2774 ea
548 2718 581 2774 dc
604 2735 633 2775 re
648 2728 771 2774 matrona
785 2720 932 2789 scripserat
946 2762 954 2788 ‚

150 2815 292 2872 lenissimo
306 2813 381 2869 illam
398 2829 524 2870 sermone
542 2814 748 2868 demulcendam
765 2815 886 2881 censoir,
899 2814 958 2871 lau·

149 2907 280 2975 dartana
293 2912 438 2977 propterea
453 2904 557 2976 primo,
573 2905 644 2976 quod
660 2905 694 2961 de
710 2906 812 2962 basilio
831 2917 895 2962 trtna
917 2924 958 2963 re·

151 3017 213 3056 carr
240 2999 365 3070 defuncto
390 2996 589 3069 perhonorifice
602 2998 773 3068 loqueretur;
792 3009 846 3053 tum
860 3000 959 3056 deinde

1004 484 1117 538 traxerit
1131 483 1165 538 ad
1179 481 1309 539 kalendas
1324 498 1409 554 usque
1423 483 1566 541 lanuarias
1581 486 1643 545 anni
1656 484 1721 553 ata,
1733 485 1807 558 ejas-

1006 593 1059 646 que
1075 577 1176 633 idcirco
1191 577 1283 633 obirus
1301 577 1360 634 dies
1382 577 1551 636 revocandus
1572 579 1625 636 erit
1647 579 1681 635 ad
1703 595 1805 636 annum

1006 669 1059 727 578
1072 711 1080 736 ,
1095 679 1175 741 atqua
1191 670 1223 725 ad
1237 669 1338 726 lulium
1353 686 1495 737 mensem,
1510 671 1553 726 vel
1567 673 1728 741 bergusium.
1753 672 1806 728 ila-

1005 761 1093 816 rioaes
1107 771 1197 816 autem
1220 760 1287 823 tila,
1310 761 1408 832 quibus
1422 762 1473 817 alia
1490 765 1624 820 sententia
1638 762 1746 821 delendi
1761 779 1806 819 so-

1004 851 1051 917 lat,
1066 851 1136 906 baud
1150 851 1294 908 dilliculter
1304 854 1389 909 everti
1402 893 1409 918 ,
1423 855 1530 923 aliaque
1542 871 1638 911 rursus
1647 866 1805 926 argumenta

1003 942 1096 999 allerri
1110 954 1242 1016 possent,
1257 946 1355 1016 quibus
1366 946 1464 1003 conici
1486 947 1608 1015 ridetur,
1634 957 1690 1006 tum
1709 949 1807 1024 illigari

1004 1035 1075 1091 baud
1092 1052 1170 1107 posse
1189 1037 1280 1093 basilii
1295 1049 1409 1095 mortem
1423 1056 1495 1096 anuo
1506 1041 1569 1105 dii),
1583 1051 1638 1097 ιιιιιι
1654 1043 1687 1098 ad
1703 1044 1807 1114 aliquot

1003 1129 1099 1184 saltem
1123 1144 1232 1186 meuses
1247 1131 1445 1188 Antiochenam
1470 1133 1521 1190 lroc
1543 1138 1688 1193 concilium
1704 1137 1806 1195 retrahi

1004 1230 1141 1290 oportere.
1167 1225 1201 1278 At
1215 1239 1276 1279 curu
1292 1225 1403 1295 perinde
1418 1227 1472 1291 sit,
1486 1225 1558 1298 quud
1573 1229 1605 1284 ad
1622 1245 1671 1285 uas
1689 1233 1805 1298 attinet,

1004 1323 1092 1369 ulram
1109 1315 1191 1387 eligas
1205 1319 1361 1386 opinionem
1375 1335 1579 1388 supervacaneo
1605 1325 1699 1382 labore
1720 1327 1807 1383 abali-

1005 1406 1087 1474 nebo,
1100 1417 1127 1463 ut
1142 1407 1242 1464 adalia
1256 1413 1399 1468 transitum
1412 1414 1518 1471 inciam.

1304 1524 1420 1584 carba
1444 1527 1504 1584 XV.

1048 1635 1113 1702 580,
1129 1637 1231 1694 brunsv
1247 1639 1290 1708 ta,
1307 1639 1448 1699 Garunna
1463 1659 1523 1701 auo.
1538 1660 1553 1699 v
1567 1662 1602 1702 ar
1615 1663 1765 1707 rusaoosro

1333 1750 1393 1791 aua.
1406 1751 1478 1793 coss.

1006 1843 1028 1899 l.
1049 1844 1103 1901 Lea
1116 1845 1209 1903 adet.
1231 1848 1328 1905 Tlreod.
1344 1852 1375 1905 de
1390 1850 1452 1906 Fid.
1467 1855 1537 1909 catlr.
1553 1854 1671 1925 affertur,
1684 1861 1808 1930 expendi·

1042 1948 1093 1993 tur.
1116 1940 1148 1994 tl.
1169 1942 1279 1997 Acacium
1293 1941 1383 1999 Berua
1404 1945 1430 1998 r'n
1451 1946 1530 2018 Syria
1549 1949 1684 2021 episcopua
1698 1951 1808 2008 Rumam

1041 2034 1118 2095 uenit,
1147 2040 1175 2085 at
1204 2035 1383 2100 aistetensem
1408 2038 1471 2091 actis
1494 2039 1658 2097 dntiaclrentc
1679 2043 1809 2114 rpnodr'a

1043 2124 1147 2180 dialetio
1171 2130 1268 2201 lcqatar
1290 2129 1364 2184 :alia
1387 2131 1454 2184 eninr
1479 2131 1603 2186 Acaciani
1616 2136 1694 2202 lrap'ur
1709 2136 1809 2194 itinerir
1840 2176 1849 2197 .

1042 2237 1121 2288 cnara
1135 2221 1284 2290 adducitur,
1300 2232 1327 2277 at
1341 2233 1443 2294 pactum
1466 2225 1573 2293 rcilitet,
1585 2227 1654 2297 quad
1675 2226 1809 2284 ueletiam

1042 2315 1147 2369 iarael
1162 2313 1304 2371 Paulinum
1316 2315 1460 2372 Antioclritu
1480 2320 1571 2374 initam
1593 2326 1699 2392 fadar,
1715 2325 1810 2394 confir-

1043 2417 1167 2462 maretur.
1186 2407 1227 2463 tlt.
1252 2409 1376 2481 Sanctior
1400 2412 1446 2466 rab
1461 2410 1590 2478 Dumaro,
1606 2433 1692 2486 aqua,
1705 2429 1810 2490 pactam

1043 2498 1111 2554 illud
1135 2510 1219 2554 ratum
1240 2501 1364 2569 babilam,
1383 2502 1502 2561 Meletiar
1525 2507 1676 2581 adplenum
1694 2527 1810 2566 camma·

1045 2595 1146 2648 aionem
1157 2605 1298 2666 susceptus,
1311 2614 1342 2651 uc
1352 2601 1455 2668 scripta
1465 2601 1500 2654 ad
1516 2600 1688 2658 Theodosium
1702 2606 1809 2674 tatere,

1044 2685 1305 2757 neilludalr'quanda
1324 2692 1410 2762 [ranqi
1423 2691 1528 2748 rineret.
1553 2691 1597 2748 llt.
1614 2694 1707 2766 Apitar
1720 2697 1753 2752 de
1772 2698 1812 2753 al·

1045 2787 1099 2831 tera
1115 2777 1219 2834 Durrrari
1239 2783 1273 2833 ad
1287 2778 1428 2836 Paulinam
1448 2785 1540 2839 celebri
1557 2787 1684 2860 epicteto,
1706 2807 1812 2864 earnqttr

1045 2867 1076 2923 ab
1096 2868 1143 2923 bac
1162 2871 1262 2942 synodo
1276 2873 1399 2945 rcriptnm
1412 2876 1492 2945 [uisae
1506 2878 1636 2946 probatur.
1653 2880 1811 2939 Parammo-

1045 2959 1130 3013 pracli
1144 2977 1193 3030 qrro
1212 2963 1322 3032 primunr
1335 2974 1448 3038 tempore
1468 2965 1650 3026 blucedoniani
1665 2972 1717 3028 dici
1731 2991 1813 3045 coepc·

1046 3053 1097 3108 rint
1109 3055 1121 3108 l
1136 3054 1168 3110 lt.
1186 3054 1275 3127 Viqilr'i
1286 3075 1362 3131 papoe
1374 3060 1447 3115 iocur
1458 3063 1612 3132 expenditur
1623 3108 1631 3135 ,
1643 3082 1692 3138 ιιι)
1704 3067 1813 3126 Ambra·
1875 3054 1883 3064 ⁸

152 3091 187 3146 ²¹¹
203 3093 342 3161 ''mm''
357 3090 429 3162 qm
444 3090 539 3145 ΜΝ
555 3130 562 3155 ’
588 3104 647 3144 eam
663 3090 787 3160 ‘mm'
810 3107 844 3147 ne
860 3092 958 3148 mle·
1047 3147 1114 3201 rium
1128 3146 1186 3201 buia
1197 3149 1307 3204 concilia
1323 3153 1440 3223 adficisse
1449 3155 1586 3226 conficitur

154 3184 223 3239 siam
238 3183 343 3254 oplimo
358 3182 406 3238 illo
418 3183 548 3253 episcopo
560 3181 676 3252 quodam
694 3183 775 3237 veluli
790 3182 904 3239 donario
918 3176 995 3242 di-C

155 3282 239 3333 ritem
265 3275 432 3345 expalleret,
447 3274 579 3344 nrajorem
595 3274 646 3329 sibi
663 3274 768 3328 laudem
785 3274 959 3330 curaciliatura
1048 3269 1069 3328 l.
1087 3270 1225 3328 llucanuo
1240 3288 1269 3327 ιιι
1285 3272 1375 3331 kalen.
1392 3276 1471 3333 ltart.
1488 3278 1549 3333 data
1562 3290 1604 3337 esa
1616 3280 1733 3339 celebris
1747 3282 1766 3341 l.
1781 3284 1811 3355 ἲ,

156 3371 239 3426 rebus
253 3384 284 3425 ea
297 3368 450 3424 inconsulta
463 3367 547 3437 gestis
564 3381 724 3422 eonsensum
739 3365 959 3435 accornmodans,
1011 3361 1046 3419 de
1059 3363 1121 3418 Fid.
1136 3365 1285 3431 caliculis,
1312 3367 1428 3424 nebulio
1447 3371 1597 3440 suadente,
1619 3381 1700 3446 atqua
1722 3375 1775 3433 hnc
1797 3391 1813 3433 ῃ

157 3479 238 3531 quarn
254 3463 277 3518 si
292 3471 371 3517 antea
387 3470 483 3528 regala
497 3457 687 3530 acquievisset.
702 3458 816 3526 Quodsi
830 3468 915 3529 perat,
931 3467 961 3514 ut
1012 3455 1166 3510 Tlreodosiu
1181 3457 1294 3514 sincera
1308 3459 1371 3515 lidei
1385 3463 1568 3520 testimonium
1583 3466 1651 3523 lorte
1663 3467 1813 3540 exigente,

157 3573 253 3615 wreus
267 3558 312 3613 ille
325 3597 333 3624 ,
346 3557 392 3628 qui
409 3554 479 3610 buna
490 3553 747 3622 administraverat,
763 3555 881 3609 rationes
896 3553 960 3609 red·
1012 3559 1156 3622 antequam
1173 3553 1219 3609 ille
1230 3553 1264 3608 ad
1280 3555 1466 3626 baptismum,
1485 3562 1557 3631 quad
1573 3573 1707 3633 agrotans
1723 3575 1815 3635 postu·

158 3652 216 3719 dat,
229 3665 306 3724 sequa
320 3651 394 3706 illam
408 3648 550 3721 postulare
565 3649 654 3718 inquit
670 3665 676 3701 ι
691 3646 835 3702 sinautem
848 3658 960 3702 conten·
1013 3645 1125 3708 laverat.
1140 3647 1339 3705 admitteretur.
1354 3648 1443 3707 Causa
1455 3669 1533 3719 vero,
1548 3656 1583 3711 ob
1594 3671 1674 3727 quam
1686 3655 1816 3713 Sozam.

160 3746 216 3812 dit,
238 3757 266 3801 ιι
284 3745 438 3817 deponatur
452 3743 526 3799 velut
550 3739 705 3796 sacerdotio
729 3740 875 3810 indiguus,
902 3740 961 3796 bare
1013 3753 1065 3794 uus
1081 3738 1117 3811 (c)
1134 3739 1220 3810 legem
1235 3739 1308 3796 illam
1328 3741 1590 3812 darammemorar,
1614 3757 1708 3819 aperie
1731 3751 1814 3804 etiarn

161 3841 381 3911 coepiscoporum
394 3836 538 3908 provinciae
553 3834 665 3889 norrrine
678 3832 824 3888 rescribit:
842 3830 899 3886 Nos
916 3849 962 3887 nec
1014 3831 1192 3900 demonstrat,
1210 3834 1273 3903 quid
1289 3834 1436 3906 imperaror
1451 3838 1634 3908 intellexerit,
1647 3856 1709 3897 enm
1722 3842 1815 3898 sunni.

164 3929 556 4003 rlr'rrnrqaemdmrreaiir,qrri
570 3926 686 3981 criminis
707 3926 866 3995 alicujurrei
880 3934 961 3995 rant,
1015 3930 1057 3978 tos
1072 3923 1343 3997 suosadreliqionenr
1358 3939 1486 3997 revocat,
1507 3934 1816 4006 qurnrdioinarapaapp.
1893 3915 1896 3926 ’

164 4023 559 4096 incoquitacatrradirnittimar,
573 4018 700 4075 necbunc
719 4019 887 4073 dinrittemas.
912 4017 963 4072 l'e-
1015 4018 1054 4072 lar
1084 4015 1179 4073 Petras
1208 4018 1334 4076 Romanir
1357 4022 1486 4088 tradidit,
1510 4042 1636 4096 quamque
1668 4029 1816 4098 pontificem

165 4134 222 4172 rara
239 4118 262 4171 ri
274 4118 331 4188 qais
342 4113 441 4186 aliquid
454 4113 545 4177 lrabet,
561 4113 631 4183 qued
650 4127 708 4164 earn
725 4119 826 4176 accuret
839 4127 848 4175 ;
861 4118 885 4164 ιι
897 4126 964 4179 prte-
1016 4109 1158 4165 llanmram
1172 4113 1243 4181 requi
1261 4114 1356 4181 claret,
1371 4126 1393 4169 et
1412 4114 1518 4171 Petrum
1533 4117 1699 4177 Alexandria
1714 4122 1816 4192 episeo-

167 4221 254 4274 unte.
276 4210 403 4282 nmalqre
413 4209 567 4283 judicante,
591 4206 613 4260 ri
626 4206 663 4260 ira
680 4205 782 4259 libuerit
795 4244 802 4268 ,
827 4203 868 4257 sin
879 4204 964 4256 minor
1015 4219 1094 4274 pana:
1108 4219 1207 4275 nempe
1218 4215 1249 4261 ut
1263 4205 1415 4264 Orierrtales
1428 4212 1470 4266 sui
1486 4213 1513 4267 in
1526 4214 1611 4269 ocrim
1626 4225 1708 4269 rectas
1721 4215 1816 4284 diuisi,

168 4306 387 4373 plenariaque,
402 4316 478 4358 noers
489 4313 623 4358 ruurcruus
636 4310 820 4361 arruorarns,
839 4295 964 4366 riqtrr'dan
1016 4296 1199 4369 intelligerent
1213 4300 1378 4370 aliquando,
1404 4319 1457 4375 quo
1470 4320 1501 4361 se
1516 4315 1623 4364 vertere
1637 4317 1767 4379 poscent,
1783 4324 1818 4367 ne

168 4399 284 4455 inarocenr
295 4399 413 4452 incentor
427 4399 514 4467 parent,
529 4393 628 4448 ettanrri
638 4406 724 4446 rtrour
744 4390 831 4461 puerit,
848 4389 964 4443 abrolue·
1016 4390 1132 4460 amplius
1153 4391 1181 4445 iu
1196 4391 1249 4448 lule
1264 4402 1409 4460 nutarent,
1432 4397 1466 4453 ad
1480 4397 1629 4455 Romanam
1649 4402 1753 4458 scilicet
1766 4403 1818 4459 Ec·

169 4502 226 4558 tar,
245 4493 267 4546 ri
285 4507 342 4546 acro
356 4490 487 4545 conantur
500 4489 577 4559 [uerit
597 4483 807 4541 condennabitur
820 4484 868 4556 (ι).
892 4483 965 4539 Non·
1017 4483 1128 4540 clcsiam
1141 4525 1149 4552 ,
1164 4501 1243 4555 quam
1256 4486 1364 4542 divinus
1378 4488 1479 4569 Petrus
1485 4490 1512 4545 in
1529 4490 1581 4547 bde
1592 4492 1757 4561 insuituerat,
1772 4509 1819 4550 su.

168 4583 231 4641 dum
247 4583 337 4653 itaque
354 4581 538 4638 Naaiarrzenus
561 4594 592 4635 er
607 4575 777 4648 Cappadocia
799 4575 893 4646 pedem
908 4590 965 4631 mo-
977 4574 1006 4636 D
1017 4590 1194 4647 preummque
1207 4576 1266 4646 ejus
1280 4577 1438 4650 episcopum
1457 4580 1615 4648 Damasum,
1630 4600 1709 4655 quem
1724 4585 1820 4643 Rasili-

170 4687 261 4745 rcrat‚
277 4691 339 4732 cum
352 4674 454 4730 basilio
467 4673 510 4728 vir
526 4684 588 4727 tunc
601 4669 729 4726 deluucru
741 4667 809 4724 banc
825 4668 965 4738 epistolam
1019 4685 1112 4725 eorum
1128 4669 1188 4725 libri
1204 4669 1324 4740 ejusdem
1345 4672 1460 4742 apostoli
1485 4672 1537 4730 boc
1558 4675 1618 4732 loon
1631 4692 1818 4738 successorem

170 4772 313 4844 Sinplioiae
326 4770 455 4840 scripsit,
472 4782 555 4838 seque
568 4764 686 4836 judicem
700 4779 760 4819 cnm
784 4763 894 4833 reliquis
908 4765 968 4832 ejus
1019 4777 1117 4818 vacant
1132 4763 1167 4835 (0
1181 4806 1189 4832 ,
1205 4778 1237 4820 ac
1260 4764 1613 4827 Petrum'dlexaudrinum.
1638 4772 1674 4829 At
1698 4788 1761 4832 eum
1784 4775 1821 4836 de
1853 4799 1856 4803 ¹

169 4866 311 4939 pruvinum
326 4863 461 4933 episcopis
475 4861 527 4917 boc
541 4860 568 4916 iu
583 4859 691 4930 negotio
700 4873 838 4915 sessurum
853 4857 965 4914 obtulit:
1019 4855 1100 4910 Petro
1111 4871 1203 4912 serare
1216 4868 1257 4913 est
1272 4899 1281 4927 ,
1300 4874 1349 4915 eur
1362 4860 1463 4916 nullam
1477 4861 1645 4921 Theodosius
1657 4865 1820 4925 Alexandri·

168 4973 245 5031 atque
258 4960 318 5014 brec
330 4958 442 5026 insuper
456 4955 525 5010 ratio
538 4961 579 5010 est
593 4962 632 5019 ut,
647 4967 707 5008 cum
724 4952 750 5006 in
764 4949 859 5005 ricinia
874 4957 966 5016 esset,
1019 4965 1061 5005 uau
1076 4949 1207 5006 Ecclesia
1221 4952 1389 5010 metationem
1402 4953 1486 5012 lacirl
1498 4955 1540 5012 Aa
1555 4957 1626 5015 torre
1637 4962 1820 5018 alexandram

168 5071 282 5129 purgare
296 5069 327 5110 se
340 5052 466 5111 debuerit
484 5050 554 5121 apud
569 5048 720 5121 Npsseuum
734 5046 824 5101 basilii
840 5045 965 5110 iratrem,
1019 5043 1091 5099 Petri
1111 5043 1235 5101 Ecclesia
1261 5062 1277 5103 a
1303 5046 1356 5104 lide
1370 5058 1434 5104 tunc
1447 5049 1604 5109 deiecerat?
1628 5055 1703 5112 nullo
1720 5055 1818 5112 mador

167 5162 214 5204 cur
227 5147 313 5218 ipsius
326 5143 413 5200 iuneri
430 5159 483 5199 non
499 5142 639 5198 adluisser.
664 5141 691 5196 Si
709 5140 799 5210 itaque
821 5137 998 5220 Gregorius,
1020 5135 1067 5193 sed
1084 5148 1112 5192 ut
1127 5138 1329 5210 intelligerent,
1350 5153 1449 5214 quanta
1463 5156 1537 5202 esaar
1556 5147 1627 5205 inser
1650 5165 1729 5204 „nam
1751 5149 1821 5205 app.

166 5238 429 5308 Constantinopolim
443 5236 557 5293 accessit
581 5244 642 5305 post
655 5234 757 5289 obitum
773 5232 883 5298 Basilii,
911 5232 968 5303 ipsa
1019 5248 1132 5304 remque
1148 5235 1317 5306 Ecclesiam,
1341 5248 1422 5312 atque
1439 5240 1510 5300 iuter
1525 5245 1664 5311 uniusque
1677 5242 1821 5316 episcopus

167 5350 233 5392 vero
246 5350 308 5388 eam
321 5331 470 5388 Ecclesiam
484 5328 684 5385 administravit
701 5328 801 5397 inteqro
817 5325 873 5381 lere
886 5326 968 5381 trien·
1021 5325 1195 5396 differentia,
1218 5340 1305 5402 atque·
1323 5333 1393 5391 banc
1406 5348 1467 5390 cum
1482 5350 1532 5392 suo
1545 5337 1634 5406 capita
1646 5336 1820 5407 conjunctam
1847 5383 1849 5387 ,

167 5430 209 5484 nic
226 5427 289 5501 (d),·
312 5427 336 5482 si
358 5440 418 5482 eam
441 5424 558 5495 denique
575 5421 678 5478 dimisit
701 5420 792 5476 medio
813 5434 884 5476 arana
899 5420 968 5487 58l,
1022 5435 1114 5478 errare
1129 5437 1182 5478 nou
1196 5439 1287 5494 posse,
1303 5433 1332 5480 ul
1348 5436 1474 5497 poterar,
1491 5442 1524 5484 ac
1536 5429 1728 5500 potuitaltera.
1751 5434 1821 5495 nipe

171 5633 186 5655 h
204 5563 244 5638 (a)
253 5560 356 5653 'Erri‘d'
365 5558 668 5651 bnilboaxarrrrdrdraarra
680 5563 725 5633 pria
739 5555 817 5611 λιπὼν
829 5555 844 5615 b
857 5558 972 5618 πίστιως
1062 5558 1103 5630 (d)
1117 5558 1209 5615 Carni.
1223 5558 1258 5616 de
1270 5558 1377 5631 Epiro,
1393 5576 1465 5619 veta.
1482 5563 1551 5635 lbi,
1572 5568 1643 5626 τοῦτ’
1653 5567 1710 5633 ἕως
1722 5578 1821 5651 τρίτον.

168 5657 281 5714 rprrapa
292 5656 347 5695 τοις
357 5657 437 5691 παι-ιν
448 5633 537 5692 doctri:
552 5635 641 5689 barm.
658 5631 693 5687 de
712 5628 804 5698 Epire.
818 5667 826 5695 ,
841 5641 912 5683 vers.
926 5625 972 5685 bd.
1058 5631 1097 5774 (esp
1110 5630 1170 5698 Lib.
1188 5646 1235 5697 all,
1249 5647 1308 5702 cap.
1322 5631 1351 5689 d.

206 5710 244 5778 (tp
258 5709 345 5776 Epist.
359 5707 421 5762 lali.
563 5723 566 5727 ’
1061 5702 1071 5776 (

204 5778 244 5853 (ι)
259 5779 310 5852 Ep.
326 5777 371 5835 58.

1112 5705 1232 5776 Δάμασος
1247 5703 1317 5762 ὁκαὶ
1332 5703 1546 5780 διὰδιχοιαῦτιῦ
1562 5709 1677 5782 δοξάσει.
