3900 6134
143 255 194 314 887
682 254 842 315 auctuum
860 254 1016 314 srtscdrt
1033 255 1246 316 cusantiam
1754 258 1810 317 888

139 381 182 428 tes
194 386 243 428 nos
253 384 314 428 tuos
327 369 399 429 oillei
411 371 547 444 cupiveris
558 370 609 427 tul
623 371 669 444 qui
684 385 745 426 cnm
755 369 829 427 selas
839 370 943 427 dixisse
956 371 1061 433 Aoede
1074 371 1147 442 mise
1160 373 1325 431 reconciliari
1338 374 1416 445 {ratu
1430 384 1486 443 tau,
1500 385 1525 431 et
1538 383 1598 432 tune
1609 373 1810 445 reuertatolser

141 465 290 522 Dominum
306 465 333 521 iu
347 464 492 537 evaugelio
507 483 514 519 ι
528 462 603 520 Beati
620 465 664 536 qui
684 466 802 520 exeriunt
816 472 841 521 et
854 465 945 520 utiam
996 463 1088 518 nonar
1101 462 1263 536 tuam(llid.
1276 466 1334 540 att).
1344 466 1415 536 Quid
1424 466 1515 525 iuerat
1525 477 1658 542 operatus
1667 467 1810 525 malorum

138 560 282 632 justitium,
297 559 359 629 quia
373 559 423 632 ipsi
443 557 642 614 saturabantur.
656 555 729 612 Beati
753 556 945 624 misericordes,
995 551 1172 620 Athanasius,
1190 565 1219 610 ut
1234 554 1293 611 bauo
1307 567 1496 630 transgressus
1520 570 1659 634 praecepta
1687 559 1811 618 laterici

143 653 206 724 qnia
221 662 233 688 ‘¹
247 653 300 723 ipsi
313 652 519 708 mirericordiam
527 660 715 721 consequentur
729 650 783 716 (ti.
800 667 827 720 r,
850 650 878 723 6)
894 668 902 715 ;
919 658 948 707 et
996 659 1058 703 erran
1071 646 1236 725 pranderes?
1256 664 1355 722 nempe
1379 651 1440 718 hoc,
1462 652 1535 724 quod
1559 669 1589 710 sc
1614 653 1810 710 Christianum

141 743 263 802 letamen
287 745 407 813 diteris,
421 744 575 801 necandum
600 745 784 801 innocentem.
803 743 947 813 Quomodo
997 739 1106 810 dixerit,
1127 751 1173 797 aut
1186 741 1271 800 dicat.
1285 743 1365 801 alind
1379 747 1481 803 etenim
1497 730 1711 819 nihrt'estquod
1730 762 1813 805 exse·

142 840 245 896 etenim
273 837 369 895 beatus
390 848 485 909 potero
508 852 592 902 esse,
618 838 641 892 si
664 837 830 892 damnavero
857 835 946 892 ninom
998 837 1187 907 moriensque
1201 838 1341 908 espunire
1367 840 1481 911 cupiens
1507 841 1534 898 in
1555 825 1723 898 Aelianasioss
1750 841 1813 898 Non

141 932 257 999 justum,
274 931 296 986 si
310 930 438 1001 rejiciens
451 929 523 984 sitini
533 927 946 999 jusuueconcepenoardonem
999 929 1163 985 memineras
1178 934 1341 1002 praecepisse
1353 932 1496 989 Dominum
1512 934 1594 991 etiam
1611 935 1747 992 inimicos
1769 934 1814 992 di-

143 1022 308 1091 iniustitias?
321 1021 464 1090 Quomodo
480 1031 592 1091 propter
614 1023 717 1078 iruetus
741 1021 852 1091 justitia
874 1029 949 1078 salu·
999 1022 1131 1094 lipendos,
1150 1032 1179 1080 ut
1191 1040 1253 1081 eum
1267 1041 1348 1098 qtlem
1365 1042 1454 1100 neque
1467 1029 1494 1085 iu
1510 1034 1650 1102 tusaeque
1675 1029 1706 1085 io
1721 1029 1813 1086 mum

143 1114 255 1170 rabina
270 1115 335 1181 deo,
351 1130 413 1170 com
428 1129 497 1186 opus
512 1115 563 1169 hoc
579 1114 709 1185 injustum
728 1114 808 1170 iaciat
823 1129 866 1168 me
880 1113 947 1169 Cain
999 1115 1085 1171 scires
1104 1129 1244 1187 peccasse,
1274 1128 1329 1173 tum
1341 1121 1474 1176 acerrime
1498 1120 1598 1176 luisses
1619 1120 1812 1192 persecuturi

144 1205 328 1262 fratricidam?
345 1205 488 1275 Quomodo
500 1207 597 1262 iterum
624 1217 722 1278 putero
749 1208 820 1263 inter
841 1207 948 1263 miseri·
999 1204 1192 1278 inidiotirqula
1206 1207 1355 1265 dictumest
1369 1224 1379 1264 .·
1392 1208 1493 1281 Diliper
1508 1212 1659 1282 proximum
1680 1221 1771 1279 teum,
1788 1223 1814 1269 et

145 1301 242 1356 cordes
268 1300 403 1357 iructihns
424 1300 619 1357 misericordiae
637 1301 810 1372 locupleteris
834 1316 947 1374 reguum
999 1298 1059 1353 odio
1071 1297 1200 1354 landelini
1219 1301 1355 1356 inimicum
1368 1311 1452 1358 roam.
1468 1303 1622 1376 Epoaatem
1633 1305 1697 1362 dieo
1710 1306 1814 1364 aoht:

145 1399 274 1467 consequi
289 1395 418 1452 coelestel
431 1410 505 1461 cum,
521 1396 543 1451 si
558 1396 720 1453 interiecero
728 1395 804 1467 juxto
813 1395 949 1453 desideria
1001 1390 1112 1465 Diliplte
1129 1392 1247 1448 inimicos
1275 1403 1393 1460 uestros,
1415 1405 1439 1451 rt
1458 1395 1599 1454 ierredicite
1620 1397 1815 1455 maledicentes

145 1501 191 1544 tua
208 1487 385 1556 Deiservum,
403 1489 529 1544 inveniar
553 1504 607 1543 uuu
628 1489 796 1553 misericors.
818 1488 866 1545 scd
889 1504 950 1544 cru·
1000 1503 1056 1555 rtur,
1068 1499 1092 1542 et
1105 1486 1249 1560 issesocite
1261 1489 1307 1557 eir,
1320 1490 1364 1561 qai
1378 1488 1390 1528 ¹¹
1406 1502 1594 1563 persequuntur
1619 1510 1683 1559 roa,
1698 1502 1815 1552 clarete

145 1579 216 1635 delis
233 1589 315 1650 atque
340 1580 510 1646 sceleratus,
531 1581 632 1652 quiippe
656 1579 792 1636 homicida
805 1596 812 1647 ;
826 1594 898 1646 eum,
926 1581 950 1637 si
1001 1598 1049 1652 pro
1063 1583 1111 1649 eis,
1125 1584 1169 1653 atti
1179 1599 1224 1638 aar
1239 1594 1436 1656 persequuntur,
1449 1586 1542 1640 atritis
1555 1585 1606 1656 alit
1623 1583 1719 1642 Patria
1734 1590 1815 1644 uestri

145 1689 207 1730 cum
224 1685 235 1714 θ
252 1689 302 1746 ego
316 1675 511 1731 immisericors
522 1674 620 1730 luerim
632 1675 705 1730 circa
721 1675 832 1731 lralrcm
847 1690 948 1740 meum,
1001 1674 1045 1745 qul
1057 1681 1096 1730 est
1110 1675 1137 1728 in
1148 1675 1229 1740 eoelir,
1240 1676 1286 1747 qui
1300 1674 1363 1732 solis
1380 1687 1454 1732 ortus
1470 1676 1570 1733 callist
1589 1694 1671 1746 super
1685 1679 1771 1736 iosos
1790 1691 1815 1736 et

144 1768 184 1822 sic
198 1767 234 1822 sit
247 1777 275 1823 et
288 1767 360 1823 circa
375 1783 418 1823 ate
429 1767 534 1823 iuturus
547 1766 595 1824 ille
611 1766 806 1823 uriserieordiur
828 1776 944 1838 amator,
962 1766 1096 1830 limaisa,
1110 1774 1134 1821 et
1148 1766 1214 1837 pluit
1226 1783 1304 1838 super
1313 1769 1399 1838 justos
1409 1776 1433 1824 et
1443 1769 1564 1844 injuriae.
1579 1769 1611 1826 Si
1621 1771 1698 1826 enim
1713 1773 1817 1830 artne-

144 1856 192 1913 illc
201 1858 315 1927 justitiae
329 1867 451 1924 eraclea,
462 1858 510 1930 qui
520 1859 586 1914 dicit
601 1877 608 1914 z
624 1857 699 1913 Beati
726 1859 770 1929 uei
793 1864 948 1914 esurienter
997 1859 1056 1913 ritis
1066 1874 1109 1913 rox
1117 1858 1161 1930 qui
1181 1874 1225 1913 uus
1244 1859 1370 1930 dilipaat,
1391 1877 1469 1931 quant
1485 1862 1630 1919 mercedem
1657 1863 1816 1923 hahebitis!

145 1951 236 2004 sitiunt
248 1951 388 2018 iustitiam,
404 1952 466 2021 poia
479 1951 530 2019 ipsi
543 1950 737 2005 saturabuntur.
756 1948 832 2006 Beati
846 1951 947 2005 mireri-
999 1966 1085 2006 nouare
1098 1960 1122 2005 st
1137 1949 1268 2021 pellicani
1282 1951 1318 2006 ita
1335 1949 1480 2022 lisoium?
1492 1963 1515 2009 et
1526 1954 1549 2008 ai
1562 1955 1689 2010 aaronita
1714 1957 1816 2014 amicat

144 2043 247 2110 cordes,
261 2040 409 2115 qaiaiipsi
421 2044 627 2099 mirericordiam
635 2053 821 2114 coareqaentur
833 2040 946 2115 (trid).
999 2053 1095 2098 uestros
1106 2053 1215 2109 tuntum,
1226 2042 1290 2114 quid
1312 2043 1371 2114 plau
1397 2045 1509 2114 facitis?
1539 2060 1627 2102 nonae
1648 2057 1677 2103 et
1704 2050 1815 2121 peutilra

147 2135 334 2207 Quicumque,
357 2136 424 2193 dicit
461 2137 617 2203 Dominus,
656 2135 758 2191 soluerit
806 2151 887 2189 uuum
916 2150 949 2189 ea
977 2120 1466 2208 'idipsumsociaatissritirerpuet
1490 2140 1766 2210 corpuleatioris
1790 2148 1815 2196 ei

145 2229 326 2284 mandaticiis
336 2231 459 2294 minimis,
472 2239 496 2284 el
507 2229 623 2284 docuerit
638 2228 675 2282 ric
686 2228 814 2294 homiues,
825 2226 948 2281 minlrrttrt
1001 2228 1082 2283 Pater
1095 2237 1184 2293 emim,
1200 2228 1244 2297 qul
1257 2236 1294 2282 etl
1304 2229 1331 2283 iu
1345 2227 1427 2295 eoeiit,
1440 2230 1571 2301 perfector
1594 2239 1632 2286 eti
1647 2230 1737 2303 (leid.
1751 2230 1829 2301 43)..

145 2322 281 2377 occulitur
303 2323 330 2377 in
352 2338 432 2395 reqno
459 2323 581 2378 caelorum
610 2320 693 2395 (illd.
721 2319 787 2392 19);
810 2329 838 2375 ct
859 2319 946 2385 dicis,
999 2319 1155 2392 diligendos
1179 2318 1291 2375 mandat
1314 2321 1396 2376 etiam
1411 2321 1538 2378 inimicos
1566 2321 1721 2390 duntone
1735 2335 1763 2379 ct
1784 2332 1813 2380 ta

145 2415 302 2484 Constanti,
319 2425 349 2473 ut
363 2416 528 2489 quicumque
538 2431 592 2472 uun
611 2415 711 2471 luderit
731 2414 892 2486 sarnguinem
906 2412 947 2468 in·
999 2431 1051 2473 uus
1062 2413 1236 2487 persequeris
1249 2412 1322 2483 rnuod
1336 2415 1492 2471 innocentis
1518 2414 1628 2471 [lumini
1653 2417 1813 2474 sacerdotis

78 2566 80 2571 .
146 2513 282 2580 uocerrtis,
309 2527 365 2568 uon
392 2519 479 2583 potest
499 2525 612 2580 regrrnm
641 2508 769 2579 consequi
795 2505 949 2563 coeloruuri
998 2520 1124 2564 eruorem
1139 2521 1191 2560 nnn
1204 2516 1293 2561 tecum
1306 2505 1468 2562 foderimus.
1483 2506 1577 2562 liirina
1588 2506 1694 2564 clamat
1707 2522 1760 2564 rox
1770 2508 1813 2565 di·

147 2605 207 2673 llic,
218 2605 401 2672 sanctissime,
417 2604 443 2658 in
454 2617 509 2675 quo
520 2601 660 2658 abundare
671 2597 949 2671 puteritChristiauo·
999 2616 1075 2658 ceris:
1085 2596 1119 2654 Ia
1127 2599 1511 2672 quujudiciojrrdicuorritir,et
1519 2600 1810 2674 deuolisjtrdicalitxr,

147 2696 332 2767 rumjustitia,
353 2697 415 2768 plus
428 2711 509 2767 quam
520 2695 673 2751 scribarum
692 2702 720 2749 et
736 2690 947 2763 pharisoeorum,
999 2703 1023 2748 er
1038 2695 1127 2763 inqua
1141 2707 1263 2748 mensuro
1274 2692 1357 2745 mensi
1369 2692 1483 2762 sumitis,
1495 2693 1522 2747 in
1533 2692 1810 2750 eudemrerrrirterrrr¹¹

146 2790 173 2844 si
184 2805 258 2854 eum,
275 2804 356 2860 quem
372 2787 494 2859 tu,quud
509 2784 731 2843 seChristiauunr
758 2783 849 2849 dieat,
876 2780 948 2853 quod
999 2785 1125 2860 aoiislli.
1143 2803 1190 2851 arr,
1201 2786 1272 2856 2),et
1283 2797 1311 2842 tu
1324 2786 1393 2843 dicis
1405 2805 1412 2841 ι
1426 2783 1553 2859 inpuluta
1575 2804 1655 2859 quem
1670 2789 1810 2863 deliquiae

147 2880 217 2935 nolit
232 2880 289 2935 lieri
303 2880 430 2946 triarios,
443 2877 628 2950 persequeris,
656 2873 896 2934 interfecerimus?
920 2874 947 2928 in
999 2880 1135 2953 ipnorutir.
1153 2879 1267 2935 Fontem
1284 2879 1418 2935 malorum
1440 2895 1502 2936 cum
1512 2889 1539 2938 te
1548 2896 1611 2939 esse
1632 2884 1809 2953 meminerit,

147 2984 201 3042 quo
221 2985 346 3027 essemus
359 2971 480 3042 potiores
490 2970 588 3028 scribis
598 2982 626 3026 et
641 2969 794 3041 phariseis,
815 2969 838 3024 si
866 2967 949 3024 exsti·
1000 2971 1074 3028 luisti
1084 2980 1174 3028 tamen
1184 2987 1268 3028 ausus
1282 2971 1316 3028 de
1329 2987 1373 3038 eu,
1388 2988 1469 3044 quem
1482 2974 1591 3030 scietas
1605 2973 1677 3033 lalse
1691 2976 1808 3048 petitum

146 3066 373 3121 tisscmusteeum
388 3073 530 3136 negatores
545 3063 618 3120 unici
644 3064 692 3119 llei
715 3063 787 3129 Filii,
810 3062 844 3130 si,
861 3072 892 3118 ut
911 3063 948 3117 illi
1000 3078 1015 3119 a
1035 3064 1126 3133 robis,
1140 3063 1254 3120 dicere:
1271 3063 1344 3120 ileos
1365 3074 1404 3120 ert
1430 3065 1532 3120 mortis.
1550 3065 1628 3122 hdeo
1642 3081 1676 3123 es
1700 3081 1808 3138 escort,

147 3157 305 3229 repudiant,
319 3169 407 3214 tecum
422 3158 629 3228 repudiaremus
648 3156 832 3226 euangelicam
857 3148 1146 3224 licencentiam
1173 3165 1310 3227 arrpuste,
1343 3164 1373 3212 ut
1397 3172 1447 3213 uec
1475 3157 1577 3213 dictum
1605 3158 1675 3214 illud
1701 3159 1808 3216 domim

147 3249 437 3323 destruxissemusque
461 3249 640 3320 apostolicam
661 3248 856 3304 traditionem?
882 3247 948 3304 Nce
1001 3265 1062 3307 cum
1080 3253 1138 3305 lrmc
1153 3250 1299 3307 mandares
1313 3250 1383 3316 lleri,
1400 3250 1527 3321 potueris
1550 3249 1719 3309 reminisci:
1738 3251 1807 3320 Quid

148 3342 252 3399 dixisse
263 3342 430 3399 memineras
447 3343 592 3398 {lominum
610 3358 617 3394 ε
636 3340 754 3396 Audieris
772 3342 834 3412 quia
853 3340 949 3394 dictim
1001 3342 1169 3398 outanuider
1182 3343 1432 3415 festucamiuuculo
1443 3343 1533 3414 [rotata
1545 3344 1594 3412 tsi,
1609 3343 1710 3400 trudeus
1722 3354 1807 3401 omen

147 3445 187 3492 cat
200 3437 315 3506 antiquis
331 3433 341 3473 l
357 3453 366 3489 :
384 3433 411 3488 N
413 3453 446 3490 urr
473 3435 573 3490 occidet
585 3452 594 3501 ‚·
608 3435 762 3504 atticumque
782 3446 867 3489 autem
882 3436 951 3490 occi·
1001 3436 1029 3490 in
1040 3436 1116 3489 eruic
1127 3444 1170 3490 tao
1185 3451 1237 3489 rori
1262 3435 1354 3491 uideri
1365 3444 1411 3489 aui
1423 3435 1552 3506 quomodo
1563 3434 1630 3490 dicia
1644 3437 1725 3508 {ratri
1736 3448 1782 3492 tarr
1797 3452 1808 3492 .·

148 3530 227 3596 derit,
242 3545 300 3584 rear
314 3530 363 3584 erit
371 3528 474 3601 judicio
488 3537 513 3584 t.
531 3527 684 3602 Epouotem
702 3528 761 3583 dicu
784 3529 854 3583 uehis
881 3529 951 3595 quud
1004 3529 1068 3585 Siue
1080 3539 1108 3584 ut
1119 3530 1221 3605 ejiciam
1243 3528 1289 3584 urii
1314 3533 1440 3601 [eulaeum
1466 3529 1498 3584 de
1521 3528 1598 3584 amulo
1620 3540 1677 3596 tuo,
1701 3541 1726 3587 et
1748 3546 1807 3588 teca

147 3625 233 3680 omnir
257 3624 302 3693 poi
323 3623 444 3678 irascitur
457 3621 536 3691 [ratri
555 3637 604 3676 arto
623 3622 679 3676 tiae
705 3637 794 3686 cauta,
818 3638 879 3677 reus
901 3623 950 3677 erit
1005 3625 1088 3679 tradet
1101 3632 1116 3660 ¹¹
1135 3625 1162 3678 la
1184 3623 1259 3680 oraio
1279 3632 1324 3679 isa
1348 3624 1409 3678 etti
1431 3622 1586 3695 hypocrita,
1615 3627 1683 3699 epioe
1696 3630 1806 3693 prim

143 3719 249 3794 judicio
263 3715 345 3793 (trid.
358 3716 422 3788 dl);
435 3729 465 3772 ιιι
481 3715 539 3771 haec
551 3715 609 3790 lieri
621 3715 791 3787 imperaresl
811 3717 837 3772 Si
864 3715 951 3772 iratus
1004 3717 1102 3772 trahem
1115 3717 1147 3773 de
1159 3717 1235 3772 oculu
1248 3728 1304 3781 tuo,
1320 3725 1345 3770 et
1357 3726 1417 3772 turra
1441 3715 1539 3772 ridelis
1562 3718 1657 3789 ejicere
1680 3719 1805 3790 {esrum

146 3810 226 3868 luero
250 3810 310 3866 siue
325 3823 407 3865 causa
428 3807 504 3865 tratri
530 3822 602 3874 meu,
618 3808 641 3862 sl
666 3808 763 3864 dixero
782 3809 826 3876 ei,
853 3807 948 3877 Fatue,
1006 3810 1039 3865 de
1053 3810 1276 3883 oaolofratrixtoi
1289 3809 1373 3881 (idid.
1398 3811 1439 3879 3).
1454 3810 1570 3867 Trahem
1600 3811 1628 3866 in
1655 3813 1736 3868 oculo
1757 3821 1805 3867 tau

147 3917 225 3959 reum
240 3917 283 3959 me
297 3901 364 3958 dicit
374 3900 493 3956 lutosum
510 3899 606 3954 unicus
627 3898 675 3954 Dei
698 3898 782 3955 Filius
803 3901 831 3955 in
849 3899 950 3971 gehen·
1005 3902 1144 3960 dicitesse
1158 3904 1308 3969 dominns,
1323 3913 1352 3960 et
1366 3904 1451 3960 audes
1465 3904 1556 3961 dicere
1570 3905 1723 3962 Athanasio
1744 3907 1805 3962 uiro

148 4008 212 4050 uam
225 4009 233 4059 ;
247 4002 275 4047 et
288 3991 314 4061 ¹⁸,
331 3995 480 4063 imperator
494 3991 648 4057 Constanti,
662 3990 687 4047 si
704 3989 802 4047 ludero
822 4006 948 4048 cruorem
1002 3995 1167 4066 justissimo,
1184 3994 1323 4051 Festucom
1335 3997 1411 4052 hairu
1421 3997 1449 4051 ia
1467 3997 1564 4052 oculei
1578 3994 1631 4055 llle
1644 3999 1721 4055 enim
1738 3999 1804 4055 nilril

147 4085 314 4151 innocentis,
335 4085 415 4150 dicis,
440 4085 561 4154 rcqrriem
589 4092 720 4139 aeternam
736 4100 924 4156 possessurum
941 4105 948 4143 :
1003 4087 1102 4144 hurum
1118 4088 1265 4157 commisit,
1281 4104 1343 4161 qua
1356 4090 1381 4146 ei
1397 4089 1518 4161 dignaris
1540 4089 1686 4160 objicere:
1709 4100 1803 4148 contra

147 4176 331 4234 necretinere
354 4175 485 4245 potuisti.
509 4175 618 4245 quando
639 4175 815 4233 meditabaris
834 4179 950 4236 laterici
1002 4190 1041 4247 tu,
1070 4196 1249 4253 quoecumque
1271 4182 1404 4247 diximus,
1428 4197 1458 4237 us
1487 4191 1626 4252 operatus,
1652 4182 1802 4250 damnate,

146 4271 303 4343 oportuisse
320 4268 510 4337 Athanasium,
525 4269 656 4340 subqoali
665 4270 822 4328 conditione
837 4287 948 4330 munera
1000 4277 1110 4345 quoties
1124 4275 1231 4342 dixisti,
1245 4276 1417 4331 intendentem.
1430 4274 1516 4344 Quam
1530 4289 1580 4330 nos
1594 4275 1678 4332 aliam
1696 4277 1801 4334 noiomi

144 4364 261 4436 jusserit
276 4363 370 4421 oiierrl
388 4361 949 4435 linariuuslSiipimrullersmsasrtsum
1000 4368 1235 4439 comprehendere
1262 4368 1351 4434 riam,
1375 4368 1427 4424 nisi
1449 4379 1534 4436 tuam,
1559 4383 1642 4439 uuam
1671 4369 1802 4428 descrihit

146 4456 290 4522 additare,
307 4456 382 4512 eiiii
398 4464 584 4512 rememoratur
612 4458 712 4528 scema,
741 4457 811 4529 quud
828 4456 836 4495 ί
854 4457 949 4515 lruieus
1001 4461 1144 4529 Dominus,
1160 4461 1273 4517 dicens:
1289 4461 1373 4527 Quam
1391 4470 1404 4498 ⁰
1419 4461 1511 4518 lomet
1526 4463 1644 4534 spatiosa
1668 4466 1723 4534 aio,
1746 4479 1802 4537 aaa

144 4548 312 4619 aliquidcum
321 4551 404 4619 fratre
416 4560 546 4621 lampone
559 4565 654 4605 uruoar
667 4560 739 4605 trtrtm
750 4560 810 4606 unte
820 4552 913 4620 altare,
926 4563 950 4609 et
963 4548 990 4609 D
1002 4557 1073 4611 ducit
1087 4553 1121 4609 ad
1135 4554 1278 4619 interitum,
1290 4564 1315 4610 et
1327 4550 1403 4611 multi
1416 4565 1477 4610 tunt
1488 4556 1532 4626 qui
1545 4556 1645 4612 intrarit
1662 4573 1712 4628 per
1730 4558 1800 4614 illust

147 4754 154 4765 .
184 4681 278 4763 {Gom
303 4682 384 4764 (Ippr.
401 4683 421 4738 l.
446 4683 464 4738 5
486 4686 590 4739 testim.
618 4682 699 4739 Vers.
727 4683 791 4740 Aut.
815 4684 947 4753 Quoniam
1032 4689 1138 4746 itere.
1153 4689 1218 4745 hut.
1233 4689 1292 4774 llis,
1304 4692 1449 4763 quiadiaut
1462 4708 1517 4757 uos,
1543 4701 1569 4749 et
1588 4703 1663 4750 orate
1691 4712 1739 4767 pru
1758 4713 1798 4753 cs·

145 4751 582 4880 'pinli'giieerssriuidnltziis‘ilalaud·
599 4823 646 4893 (iul
662 4825 745 4895 lartio
770 4824 882 4884 inieritis
907 4830 945 4886 le·
997 4762 1703 4891 {zzlr'rlrtzyidieuiieoimSitergeurssdiltieilt‘i'swhff11⁹⁸
1720 4767 1798 4894 apin

145 4893 186 4964 81⁸
198 4894 370 4978 militiadis
385 4908 437 4975 pru
446 4893 623 4978 iocupletatio.
997 4905 1020 4959 si
1033 4854 1169 4960 salrttaritJ
1182 4872 1278 4976 iratres·
1279 4943 1347 4960 ......
1374 4853 1487 4973 amplifi
1514 4840 1758 4977 [dioecesum
1774 4918 1798 4966 et

180 4963 473 5092 :littllllli
488 4980 510 5019 ⁸‘
523 4967 638 5035 ‘'¹‘⁰''‘¹⁰·
968 5026 972 5032 ·
998 4974 1796 5106 Elllil'lhlillm{ii'lii'll‘lltfflllillt‘'m“

182 5107 262 5163 ‘Pro
282 5124 328 5163 aec
347 5108 400 5163 Til.
424 5116 452 5161 et
479 5105 505 5162 la
527 5106 628 5190 Corda,
655 5117 685 5165 et
712 5109 828 5168 Galund.
852 5112 944 5183 Forte,
997 5061 1214 5173 imaeue'tinaec.
1239 5064 1354 5184 agatae?
1376 5088 1484 5187 sacilli:
1508 5064 1624 5177 Te'rtrfll.
1648 5053 1798 5180 how

141 5193 221 5246 aune,
235 5178 278 5234 rel
296 5195 390 5235 nonne.
407 5177 656 5261 Galarrd3rectrus.n
999 5201 1093 5244 versus
1108 5187 1193 5244 liare.
1207 5189 1281 5243 eritis
1295 5205 1305 5243 .·
1319 5202 1416 5246 uxuues
1432 5189 1459 5245 hi
1473 5204 1536 5248 cum
1559 5191 1647 5249 Lucii.

180 5248 191 5287 ¹
209 5249 286 5307 lens.
304 5254 368 5306 huit.
383 5249 595 5318 hiantique...
611 5258 763 5320 qurautem.
1036 5256 1046 5297 ¹
1064 5257 1120 5313 ista
1136 5258 1200 5329 legit
1212 5258 1305 5314 Sabat.

178 5319 285 5378 svers.
317 5323 383 5380 Ant.
409 5320 556 5391 utrobique
584 5321 611 5373 in
628 5320 743 5395 judicio.
771 5321 804 5377 1rr
829 5322 942 5380 ahesta
1033 5329 1146 5385 mvers.
1181 5328 1245 5384 hut.
1278 5332 1446 5399 remetietur,·
1469 5333 1507 5388 ita
1531 5333 1674 5408 corrigunt
1693 5336 1749 5396 tit.
1771 5348 1797 5398 ct

142 5396 251 5458 Gnaeo,
266 5394 330 5449 otia
346 5391 435 5450 Lucil.
995 5398 1085 5458 halin.

176 5461 300 5530 oronte,
315 5474 337 5517 er
347 5476 375 5519 ru
386 5465 537 5548 imperaror.
554 5472 608 5520 etc.
624 5462 742 5521 (laland.
1030 5481 1044 5508 ¹¹
1058 5471 1141 5528 Curi.
1154 5481 1181 5528 et
1195 5471 1339 5545 sangerm.
1350 5472 1431 5530 codd.
1449 5473 1540 5543 troiia
1556 5478 1629 5549 apud
1658 5478 1757 5540 Sabat.
1771 5491 1797 5540 et

179 5537 187 5574 ἱ
204 5535 270 5588 herm
285 5533 501 5591 llilariol’retar.
517 5533 672 5591 comment.
696 5536 724 5592 in
746 5535 841 5593 iiatth.
855 5536 936 5595 Vera.
993 5542 1072 5599 Vens.
1086 5547 1148 5600 hut.

138 5606 226 5661 Aah:
244 5605 275 5659 Si
285 5604 497 5678 cupientiores...
512 5607 573 5677 quio
587 5609 667 5676 [rates
679 5618 738 5662 tuor
751 5607 938 5680 huietaiipuld
1028 5622 1041 5650 ⁰
1059 5615 1137 5670 vens.
1161 5616 1224 5669 Αιιι.
1240 5615 1310 5684 Quia
1333 5614 1432 5671 lata...
1459 5618 1598 5676 rideat...
1618 5622 1655 5677 ad
1671 5625 1798 5694 perditio·

138 5676 262 5731 aduersae
278 5684 302 5728 te
313 5691 322 5728 :
335 5676 452 5743 retiaque
464 5677 546 5746 iii...
558 5677 781 5744 aeuientoll'eres.
829 5714 833 5721 ·
894 5700 897 5707 ·
991 5700 1059 5743 aaut.
1086 5681 1154 5758 Cyp.
1177 5687 1223 5757 tio.
1241 5689 1258 5742 3
1275 5688 1399 5746 testim:
1424 5688 1509 5755 llilar.
1527 5691 1554 5746 iu
1566 5690 1687 5759 mutum
1703 5693 1796 5755 Getici

175 5745 184 5796 i
199 5744 279 5802 Vere.
292 5747 354 5800 hut.
365 5745 479 5800 lidiae...
496 5745 685 5820 ierrrdieirequi
698 5750 935 5809 ruraledicerttuollo
990 5747 1122 5823 Clarorum
1135 5754 1230 5813 athai.
1243 5768 1304 5815 cour
1317 5745 1403 5815 Lucil.
1415 5759 1498 5826 Qtiam
1510 5758 1574 5817 ldtm
