3900 6134
150 232 206 291 585

395 196 613 292 uuuuuurtba
628 232 769 292 tutetur
787 236 833 291 ab
852 230 1060 291 butauuttbu
1079 231 1535 296 bostutuattebutmtttttlt.
1562 244 1568 261 ¹

1751 241 1804 300 586

147 334 271 383 remotus
286 323 422 396 llispanlae
436 328 551 400 angulus
569 330 647 385 titulo
666 328 848 385 damnationis
867 325 952 382 inelu-
965 329 991 390 A
1004 326 1084 381 etiam
1108 327 1171 384 dico
1198 331 1266 400 patri
1294 332 1483 389 Valentiniano
1506 341 1549 389 est
1575 332 1803 404 comprobatum,

145 418 198 483 sit,
214 431 270 472 non
285 416 354 475 bene
366 418 448 489 capiti
462 419 470 450 ¹
493 421 665 489 curasultnm,
687 421 709 477 si
732 420 797 490 quid
811 420 950 476 turbarum

145 525 266 567 amanus
275 510 428 583 agitaverit.
442 511 595 570 Parmensis
609 512 754 586 episcopus
768 528 801 570 ec
818 512 951 585 pernicio·

50 624 55 632 .
144 603 221 673 sior,
235 602 307 674 quod
320 603 430 676 inclytae
441 605 501 661 urbi
514 613 527 643 a
539 609 625 679 magis
638 607 788 679 proximus,
800 614 828 663 ει
841 607 951 677 imperi·

146 705 237 754 torum
250 696 451 755 multitudinem
467 701 554 772 magis
564 701 693 772 exagitat,
704 709 732 758 et
742 701 904 767 Ecclesiam,
916 700 950 757 de

143 808 198 865 qua
211 791 480 863 judieiosanetornm
493 795 636 866 praesulum
650 795 772 867 dejectus
783 805 836 865 est,
851 795 951 869 inquie-

146 894 203 953 tat,
229 885 336 943 inanem
362 886 491 944 videlieet
512 889 626 960 gloriam
651 891 792 946 sententiae
818 891 950 962 gravioris

145 987 319 1044 exspectans.
332 980 458 1049 Quem,si
468 981 666 1052 quiddecessor
676 993 737 1040 urus
748 984 837 1041 deuoti
850 984 950 1056 uigoris

145 1072 296 1139 imbuisset,
312 1074 435 1144 protinus
456 1074 526 1132 ultra
546 1076 616 1133 lines
631 1076 770 1133 debuisset
788 1075 948 1134 extrrtdcre.

144 1165 178 1223 Et
199 1166 355 1223 Florentius
372 1167 552 1238 Puteolanus,
576 1179 636 1240 post
655 1170 856 1227 damnationem
868 1185 950 1243 qrram

144 1269 220 1316 recto
231 1259 333 1328 jndicio
345 1262 485 1317 conuictus
499 1262 616 1332 aceepit,
639 1261 876 1318 mansuetudinem
901 1277 950 1318 nc·

145 1361 230 1408 stram
244 1351 397 1423 inquietare
418 1363 550 1419 conatus,
568 1353 680 1424 dignum
697 1354 757 1409 tulit
777 1352 802 1407 in
826 1368 951 1426 progres-

145 1444 224 1500 sione
243 1459 415 1515 responsum.
439 1445 504 1501 Post
523 1444 537 1484 ¹¹
560 1444 830 1516 quintumdecimum
850 1460 949 1500 annum

146 1538 307 1607 Ecclesiam,
321 1538 418 1610 dcqua
430 1549 559 1596 extrusus
579 1539 685 1607 luerat,
702 1554 797 1595 rursus
816 1538 949 1594 contanti-

146 1646 213 1688 nare
224 1641 339 1687 conatur
354 1649 361 1684 ε
376 1631 584 1702 congressiones
602 1631 711 1688 illicitas
726 1631 816 1688 lacere
828 1631 949 1697 molitur,

1004 419 1167 490 turpissimis
1190 424 1334 480 calumniis
1359 425 1515 497 episcopum
1537 425 1681 480 llamasnm
1699 426 1804 497 inquic-

1003 522 1060 570 tarc
1076 529 1130 571 raon
1146 517 1244 585 veriti,
1260 528 1402 590 postquam
1419 519 1632 591 desperauerunt
1648 535 1728 592 posse
1744 536 1806 593 per·

1001 608 1076 675 eelli,
1094 611 1222 681 populum
1245 629 1293 684 pro
1308 628 1362 685 quc
1382 613 1429 670 ille
1443 614 1577 670 divinitati
1601 615 1682 671 obses
1702 623 1745 671 est
1762 615 1805 672 in·

1001 704 1133 774 qutietant.
1151 706 1203 762 Sed
1218 705 1349 765 bactenus
1371 710 1461 765 stertit
1475 710 1549 765 iners
1568 709 1748 767 dissimulatio
1760 711 1805 782 ju·

1001 794 1167 867 dicentium,
1193 815 1244 856 nec
1267 811 1309 857 est
1332 802 1479 858 admonere
1502 818 1630 872 necesse,
1644 821 1698 876 ouo
1718 806 1805 879 possit

1000 891 1105 946 sanctio
1119 900 1275 964 contempta
1299 893 1450 966 procedere
1474 915 1481 951 ι
1501 896 1650 966 haetenus,
1674 900 1803 971 inocram,

1000 981 1091 1037 stertit
1104 981 1288 1054 apparitorum
1305 985 1530 1061 snpinadesidia.

1037 1073 1064 1129 5.
1087 1072 1232 1129 Turdorum
1251 1085 1368 1131 oructares
1388 1077 1437 1131 ult.
1458 1076 1487 1131 C.
1511 1079 1594 1134 ruillio
1609 1081 1641 1135 nd
1664 1081 1733 1136 orte
1752 1086 1806 1155 pel-

1002 1166 1081 1221 lendi.
1093 1198 1129 1208 -
1139 1167 1205 1225 Post
1220 1169 1278 1227 bac
1293 1171 1342 1226 nisi
1358 1185 1471 1237 omnes,
1488 1181 1516 1226 ut
1531 1173 1691 1229 nominatim
1706 1175 1808 1246 jassio-

1001 1258 1044 1314 nis
1067 1270 1168 1316 nostrar
1194 1276 1299 1318 summa
1322 1264 1529 1334 complectitur.
1555 1268 1596 1320 vel
1621 1282 1689 1337 ortos
1714 1269 1806 1324 tcrrbas

1002 1349 1153 1407 istiusmodi
1168 1353 1313 1411 molientes
1323 1365 1478 1411 sanctorum
1488 1357 1679 1429 cpiscoporum
1690 1361 1805 1417 coneilio

1001 1458 1137 1502 consensu
1153 1446 1338 1514 ostenderint,
1354 1450 1427 1504 ultra
1449 1451 1627 1506 centesimum
1652 1453 1806 1511 milliarium

1001 1538 1035 1593 ab
1049 1536 1123 1594 llrbe
1146 1538 1300 1611 depuleris,
1323 1549 1404 1611 atque
1426 1555 1519 1597 earum
1544 1543 1684 1599 ciuitatum
1709 1545 1806 1603 lmibus

1001 1639 1125 1686 extorres
1140 1645 1200 1688 esse
1212 1634 1392 1704 praeceperis,
1407 1648 1522 1704 quarum
1539 1635 1644 1705 plebem
1659 1638 1700 1693 rel
1718 1638 1808 1696 eecle-

145 1734 324 1796 egentemoue
336 1724 443 1781 consilii
458 1724 673 1791 rrrrrltitudinem,
686 1724 784 1793 perditi
795 1725 877 1779 animi
891 1739 950 1794 per·
967 1718 1074 1793 Bsias,
1090 1725 1133 1780 rel
1148 1740 1197 1795 per
1209 1741 1255 1793 se,
1272 1727 1313 1783 vel
1329 1742 1378 1799 per
1390 1728 1479 1784 simile
1491 1731 1532 1783 sui
1548 1732 1643 1801 uulgus
1658 1744 1806 1803 exercent,

145 1816 274 1874 suasione
294 1816 434 1887 deprecat.
447 1816 607 1873 Nostrorum
628 1817 754 1873 uidelicet
765 1815 886 1886 judicum
906 1830 950 1872 so-
1004 1817 1807 1896 practeraestimationisinjuriam,errjttsapudbonoscronic-

146 1909 241 1965 cordia
254 1909 349 1977 lretus,
365 1911 410 1980 orti
425 1910 536 1980 priuatae
548 1909 642 1981 gratiae
653 1908 802 1979 imperialia
815 1917 951 1978 praccepta
1003 1911 1157 1982 risjactura
1169 1922 1220 1978 est,
1229 1913 1363 1984 piaculum
1376 1915 1507 1985 neglectu
1516 1917 1803 1978 sanctionisincurres.

147 2003 315 2073 condonant,
331 2013 359 2062 et
369 2004 541 2076 religionem,
553 2019 632 2076 quant
645 2019 696 2060 nos
704 2003 766 2075 jure
776 2018 950 2074 veneramur,
1038 2002 1066 2059 ti.
1082 2002 1246 2060 iudiciorum
1257 2007 1489 2063 ecclesiastieorum
1507 2008 1585 2076 ordo,
1605 2027 1655 2080 ouo
1672 2022 1807 2068 contuma-

147 2113 229 2171 guam
240 2098 357 2156 tortasse
370 2098 420 2170 ipsi
432 2098 581 2171 negligunt,
594 2097 737 2169 iniquietari
752 2098 886 2169 patienter
904 2111 951 2153 ac·
1002 2114 1044 2153 res
1065 2100 1251 2165 reprincontur.
1274 2100 1455 2156 —Volumus
1469 2113 1578 2172 autem,
1595 2116 1624 2160 ut
1643 2107 1807 2181 uilicumque

147 2192 264 2264 cipiunt.
1002 2191 1104 2262 iudicio
1118 2193 1245 2260 Damasi,
1263 2193 1334 2265 qatod
1350 2196 1396 2251 ille
1409 2211 1471 2251 cum
1488 2198 1603 2254 consilio
1623 2200 1743 2272 quicuque
1765 2205 1808 2258 rel

185 2285 212 2340 3.
234 2283 396 2340 Claudianus
410 2283 558 2339 donatista.
579 2313 615 2325 -
628 2282 793 2341 Claudianus
814 2284 896 2340 etiam
918 2282 952 2339 ab
1003 2295 1107 2355 septem
1128 2285 1255 2343 babuerit
1274 2288 1483 2357 episcoporum,
1503 2290 1544 2346 cel
1565 2307 1681 2358 corum,
1698 2296 1743 2364 ocri
1764 2309 1808 2350 ca·

149 2379 211 2447 hls,
225 2379 271 2451 qui
285 2388 380 2436 contra
394 2378 484 2435 diuina
498 2385 633 2450 praccepta
649 2388 660 2417 ⁰
675 2377 738 2432 titia
752 2375 893 2448 religionis
911 2377 953 2432 in·
1003 2375 1096 2432 tlmliei
1109 2387 1172 2433 sunt
1183 2419 1192 2447 ,
1204 2378 1308 2449 judicio
1320 2381 1362 2434 uel
1376 2380 1493 2436 coarcilio
1505 2381 1701 2439 condemnatus
1715 2386 1806 2454 luerit,

151 2480 286 2538 staurant,
307 2471 341 2529 ab
363 2469 416 2538 bis,
431 2472 552 2541 inparem,
566 2485 636 2541 nuos
649 2469 747 2539 erpetti
764 2468 952 2538 jusseramus,
1003 2468 1058 2526 sid
1083 2465 1195 2542 irrjuste'
1210 2474 1329 2548 vuluerit·
1351 2473 1493 2530 ecclesiam
1523 2485 1678 2543 retentare,
1707 2486 1738 2532 ut
1762 2477 1808 2550 qui

151 2566 273 2634 accitus,
288 2565 365 2637 quasi
381 2579 476 2635 parum
490 2562 617 2618 [acinacis
632 2575 777 2633 aggressus
791 2569 874 2628 esset,
889 2561 912 2616 sl
926 2560 953 2616 in
1003 2574 1131 2620 evocatus
1144 2564 1178 2621 ad
1193 2565 1364 2622 sacerdotale
1385 2567 1518 2637 judicium
1545 2587 1592 2639 pcr
1607 2572 1806 2628 contumaciam

153 2657 243 2715 dlrica
257 2658 430 2727 perstitisset,
446 2655 539 2711 borne
558 2670 619 2711 sese
636 2653 761 2710 dicitur¹
782 2653 922 2709 intimasse
943 2670 952 2709 a

154 2750 295 2822 talsnsque
307 2756 457 2822 preceptor
471 2748 514 2803 sel
525 2754 651 2818 expertes
665 2746 676 2777 ⁸
691 2745 779 2801 adbuc
793 2744 872 2800 deuio
888 2758 951 2815 pro·

152 2842 246 2899 tranare
260 2842 410 2916 mysterio,
423 2841 467 2896 rel
480 2842 534 2911 jam
551 2839 671 2896 initiatos
685 2856 719 2895 cx
739 2840 844 2910 integro
859 2838 953 2894 nititur

152 2936 254 3008 llagitio
268 2935 371 3006 majore
381 2949 557 3008 corrumpere
570 2952 577 2990 r
590 2949 652 2991 cum
666 2933 953 3006 religionissanctissi·

153 3046 205 3088 mae
227 3030 398 3102 disciplinam
412 3046 466 3088 non
488 3031 608 3087 cumulet
623 3028 749 3098 iteratio,
775 3029 822 3085 sed
837 3036 952 3085 evertat.

1004 2671 1057 2712 non
1073 2656 1184 2723 icisset3
1201 2667 1273 2714 eam
1294 2660 1328 2715 ab
1344 2658 1494 2716 illustribus
1505 2662 1570 2719 uiris
1581 2664 1717 2733 praelectis
1738 2681 1809 2736 prae·

1005 2748 1076 2804 toric
1089 2748 1184 2806 Galliae
1198 2758 1279 2819 atoue
1295 2748 1397 2816 ltalicc,
1419 2753 1476 2808 sice
1492 2767 1507 2808 a
1523 2756 1748 2824 proconsulibus,
1765 2758 1808 2815 cel

1005 2841 1125 2904 vicariis.
1139 2843 1304 2899 anctoritate
1315 2843 1448 2914 adbibita,
1461 2845 1494 2900 ad
1508 2848 1663 2919 episcopale
1673 2850 1807 2919 judicium

1005 2933 1168 3003 remittatur,
1185 2935 1229 2990 rel
1250 2935 1284 2990 ad
1303 2935 1396 2992 urbem
1416 2937 1529 2994 llomam
1551 2942 1602 2997 suh
1616 2944 1808 3011 prosecutione

1006 3028 1147 3096 perueniat
1163 3042 1170 3081 ε
1185 3037 1232 3081 aut
1244 3028 1266 3081 si
1278 3027 1304 3082 in
1315 3027 1546 3100 longinquioribus
1559 3032 1682 3101 partibus
1692 3034 1808 3106 alicujus
1823 3098 1828 3107 ,

152 3124 237 3194 Quem
253 3139 303 3180 nos
315 3123 493 3180 Claudianum
507 3121 634 3180 dissimill
646 3137 726 3193 poeoa
738 3136 770 3178 ac
782 3122 880 3177 meruit
890 3098 989 3194 pro·C
1005 3117 1134 3175 lerocitas
1148 3119 1209 3175 talis
1225 3121 1380 3188 emerserit,
1395 3121 1483 3178 onrrals
1499 3123 1558 3193 ejus
1571 3139 1661 3182 causae
1674 3127 1758 3182 dictio
1772 3129 1809 3184 ad

151 3225 307 3289 sequentes,
323 3225 446 3288 repetere
460 3214 648 3272 tantummodo
668 3216 782 3285 patriam
798 3213 950 3282 hactenus,

151 3317 257 3366 remota
270 3309 429 3376 seueritate,
451 3307 639 3379 precepimus.
658 3306 711 3363 Sed
733 3305 856 3362 residere
870 3307 951 3362 etiam

151 3415 223 3458 ntrnc
237 3400 336 3457 dicitur
347 3401 489 3469 imperitos
503 3400 664 3466 sollicitans,
679 3406 707 3454 ct
721 3412 826 3453 cassam
841 3399 952 3455 omnino

150 3492 303 3550 mercedem
330 3491 489 3564 requirens,
512 3490 601 3563 perdit
613 3490 720 3547 animas
740 3503 886 3560 corporum
908 3506 952 3547 re·

149 3585 333 3658 dempturum.

185 3678 214 3735 d.
234 3677 341 3734 Dorrrori
360 3677 506 3732 innocentio
530 3675 712 3731 Valentiniano
746 3673 761 3728 l
780 3677 898 3745 prototo.
914 3703 950 3716 υ

149 3770 220 3829 lliuc
234 3769 273 3826 illi
286 3771 463 3826 insectatores
478 3769 657 3825 sanctissima
679 3766 776 3832 sedis,
791 3783 844 3822 non
860 3770 949 3824 solutu

149 3862 199 3920 Dei
214 3863 342 3929 numine,
357 3861 429 3934 qarod
444 3863 510 3918 satis
525 3869 602 3927 erat,
617 3859 664 3917 sed
687 3859 768 3916 ctiam
782 3859 948 3930 iudiciorum

148 3957 275 4015 examine
288 3955 459 4027 exploratum
483 3955 584 4011 mentis
596 3952 775 4010 sanctissime
797 3953 904 4024 cirum',
919 3964 950 4011 ut

186 4100 195 4131 ¹
216 4097 297 4154 Forte
309 4096 505 4154 consulturum.

185 4171 196 4202 ¹
216 4167 296 4226 Forte
306 4169 469 4226 insinuasse.

150 4282 202 4338 sini
225 4281 396 4349 molitiones,
411 4280 445 4337 de
459 4281 558 4352 quibus
571 4280 701 4338 admoniti
717 4281 824 4336 inerant
844 4278 888 4336 bis
901 4297 947 4337 su·

150 4353 267 4426 perieris
281 4353 402 4423 epistolae
424 4369 451 4407 n.
466 4352 502 4416 d.
527 4352 618 4409 uerbis
641 4369 649 4405 ε
674 4351 824 4423 lielepotur,
842 4368 887 4420 per
905 4368 948 4408 eos

150 4441 213 4496 ouer
228 4426 317 4480 illicite
332 4423 629 4495 sacrilegusordinouit,
647 4422 798 4478 uilissimum
811 4438 945 4495 quousque,

151 4498 249 4551 ocrrclte
264 4496 339 4563 licet,
354 4495 494 4551 sollicitare
504 4504 624 4550 corrotur.

188 4577 201 4606 ⁸
215 4567 282 4623 Num
297 4576 325 4622 et
337 4566 532 4632 llediotannm,
547 4567 582 4621 ob
597 4564 689 4623 sedem
703 4579 785 4636 quam
800 4564 948 4634 imperate

151 4654 195 4695 res
212 4636 367 4695 Occidentis
388 4637 489 4694 lmbere
508 4638 535 4693 iu
551 4652 581 4692 ea
597 4635 740 4701 solebant,
754 4636 858 4708 inclyte
876 4636 948 4692 urbis

152 4711 261 4766 nomine
275 4708 425 4780 intelligere
440 4708 520 4764 licetl
533 4705 586 4764 Sed
597 4708 620 4762 si
635 4708 692 4762 ccrlt
704 4721 769 4762 usus
790 4719 818 4761 ut
844 4707 897 4762 boc
914 4706 948 4763 de

151 4780 238 4837 Roma
258 4780 482 4852 interpretemur,
499 4778 561 4834 huic
576 4779 651 4840 urbi.
667 4786 697 4833 ut
717 4778 772 4848 jam
789 4777 947 4834 obseruaui-

152 4867 229 4918 rnus,
249 4849 404 4907 Florentius
424 4850 514 4907 lsaace
536 4858 565 4905 et
589 4847 686 4905 Ursino
710 4850 791 4920 rrrogir
815 4852 948 4919 prosimus

151 4932 219 4978 erat.
235 4922 298 4976 llox
314 4922 446 4977 sententie
455 4921 582 4992 grauioris
593 4919 731 4976 uocabulis
745 4921 887 4990 imperiale
904 4921 949 4991 ju-

151 4992 272 5060 dicium,
295 4993 336 5050 cel
360 4995 523 5049 sententiam
543 4992 664 5064 judicum
679 4991 714 5046 ab
739 4992 949 5062 imperatoribus

1006 3214 1185 3283 metropolites
1200 3217 1226 3268 ln
1241 3214 1335 3271 cadem
1359 3216 1497 3287 provincia
1521 3216 1642 3287 episcopi
1658 3217 1809 3276 deducatur

1006 3320 1135 3374 euamen;
1154 3308 1231 3364 celsi
1248 3309 1306 3378 ipse
1320 3309 1545 3379 metropolitanus
1561 3317 1617 3376 est,
1634 3309 1744 3365 llomam
1760 3327 1809 3368 nc·

1005 3399 1135 3466 cessario,
1152 3398 1194 3454 uel
1210 3398 1243 3454 ad
1258 3415 1305 3454 eos
1315 3412 1384 3470 qcros
1394 3398 1534 3454 Romanus
1544 3401 1688 3470 episcopus
1700 3400 1807 3471 jndices

1005 3491 1127 3560 dederit,
1142 3493 1200 3549 sine
1213 3491 1343 3549 dilatione
1357 3492 1523 3559 corrtcndat;
1545 3493 1579 3548 ita
1597 3502 1686 3549 tamen
1703 3504 1732 3551 nt
1746 3497 1807 3567 ‹pui-

1004 3597 1119 3655 cnmque
1135 3583 1146 3620 ι
1163 3584 1260 3655 dejecti
1274 3593 1354 3648 sunt.
1369 3584 1403 3640 ab
1417 3584 1476 3654 eius
1487 3592 1593 3640 cantum
1613 3587 1686 3642 urbis
1708 3587 1806 3643 linibus

1003 3688 1197 3750 segregentur,
1224 3682 1250 3736 in
1277 3679 1374 3751 quibus
1399 3679 1499 3735 luerint
1522 3680 1688 3736 sacerdotes.
1717 3681 1805 3737 llinus

1003 3771 1075 3826 cuim
1087 3775 1206 3842 grauiter
1217 3773 1327 3828 meritos
1339 3786 1513 3836 coercemus,
1529 3780 1557 3826 ct
1571 3773 1730 3842 sacrilegam
1743 3788 1806 3842 per·

1003 3863 1129 3919 tinaciam
1151 3863 1240 3918 leuius
1260 3878 1341 3935 quam
1361 3873 1480 3918 meretur
1498 3861 1664 3917 ulciscbnur.
1690 3861 1807 3930 Quodsi

1001 3957 1045 4013 rel
1059 3957 1261 4029 metropolitani
1276 3955 1398 4028 episcopi
1413 3956 1456 4013 cel
1469 3955 1666 4027 cujuscumque
1676 3956 1806 4013 sacerdo·

1041 4096 1052 4127 ⁸
1073 4096 1174 4169 Supplc
1188 4094 1324 4166 baptismi.

1041 4280 1140 4337 ellibil
1158 4296 1242 4353 prope
1256 4280 1433 4353 ambigimus,
1459 4280 1522 4352 qtrin
1544 4279 1589 4335 irie
1606 4280 1749 4351 legendum
1768 4285 1805 4341 sit

1002 4354 1122 4423 orprterio
1136 4353 1287 4423 religionis,
1304 4368 1364 4421 utrm
1378 4353 1483 4408 seilicet
1503 4352 1529 4404 in
1544 4349 1670 4419 baptismi
1686 4368 1803 4420 praeser·

1001 4425 1047 4478 tirn
1070 4422 1216 4478 collatione
1240 4430 1415 4491 peraguntur.
1439 4419 1516 4476 Unde
1538 4420 1690 4475 llonnmum
1711 4427 1805 4480 correi·

998 4493 1063 4548 lium
1090 4494 1116 4548 in
1137 4494 1258 4563 proxima
1281 4493 1394 4561 epistola
1419 4507 1493 4546 num.
1516 4490 1548 4554 7,
1575 4505 1635 4545 curn
1651 4490 1804 4549 Claudiano

998 4565 1058 4635 ipso
1080 4563 1251 4634 expostulat.
1277 4562 1347 4632 cpuod
1370 4564 1516 4635 episcopos
1535 4559 1684 4616 eatltolicos
1707 4578 1803 4623 uocuor

998 4651 1086 4690 onrner
1102 4634 1282 4706 orgetoriorunr
1302 4633 1386 4689 dicat.
1408 4632 1433 4688 ls
1450 4632 1528 4702 igitur
1543 4640 1652 4687 notatur
1670 4632 1803 4693 accitusa

1000 4707 1219 4776 duraciensem
1231 4704 1392 4775 baptismum
1402 4718 1535 4761 reuocare
1543 4713 1623 4774 atque
1635 4703 1736 4762 iterare
1746 4724 1802 4767 nou

998 4779 1107 4834 timent.
1658 4779 1668 4787 ‘

1035 4847 1048 4885 ¹¹
1064 4847 1141 4918 Apud
1157 4847 1257 4902 Baron.
1271 4848 1293 4901 ri
1299 4851 1371 4921 juste
1386 4863 1396 4903 .·
1411 4850 1492 4914 mate,
1507 4855 1537 4901 ut
1550 4861 1582 4901 er
1597 4847 1710 4917 epistola
1721 4866 1802 4924 supe·

999 4920 1111 5002 riori,n.
1126 4920 1153 4987 9,
1169 4917 1328 4989 liquetllox
1344 4934 1393 4991 pro
1406 4928 1433 4974 ut
1444 4920 1504 4991 oui,
1518 4919 1603 4990 tnagis
1614 4919 1749 4990 placeret,
1763 4924 1802 4979 uel

999 5007 1053 5062 qur.

151 5064 295 5131 datorum,
311 5063 485 5148 intelligenda
500 5078 562 5120 esse
575 5063 691 5119 suadent
704 5062 763 5118 baec
776 5078 849 5117 nram.
868 5063 880 5117 l
897 5079 905 5118 :
919 5070 949 5117 ut
1037 5071 1050 5100 ι
1064 5060 1143 5131 Apud
1154 5060 1296 5129 eumdem,
1310 5070 1340 5116 ut
1352 5062 1400 5130 ob,
1414 5072 1441 5119 et
1453 5074 1534 5128 mox,
1549 5060 1589 5116 uel
1603 5061 1708 5115 uicoriir
1727 5072 1755 5116 ut
1766 5063 1802 5120 od

151 5135 312 5191 condemnati
325 5136 428 5210 judicto
447 5144 515 5192 recte
529 5134 692 5190 sentientium
713 5133 876 5194 aocndotum
879 5170 947 5189 ......
999 5134 1088 5190 urbem
1101 5132 1211 5188 Ronrom
1223 5131 1270 5188 sub
1283 5135 1459 5207 prosecutione
1470 5133 1609 5204 perueniat.

150 5207 390 5279 redintegrationem
397 5206 493 5275 judicii
509 5205 716 5278 [rustroonobir
733 5205 875 5277 impudenti
890 5222 950 5278 per-
1038 5203 1048 5244 (
1069 5204 1150 5262 Sirm.
1173 5213 1201 5260 ει
1215 5203 1281 5260 Lab.
1299 5213 1328 5261 ut
1349 5205 1420 5275 apnd
1442 5206 1540 5260 Boron.
1563 5201 1669 5265 detecti,
1685 5209 1713 5256 ει
1736 5218 1801 5263 mox

151 5279 250 5334 nicorio
261 5285 438 5347 precarentur.
999 5275 1074 5333 solus
1096 5275 1163 5331 Lair.
1189 5276 1257 5330 orbis
1279 5276 1385 5348 finibus.
1410 5275 1481 5331 lstud
1505 5271 1628 5340 epistole
1651 5274 1801 5341 superioris

185 5347 243 5404 l’ln
256 5349 371 5421 epistola
385 5348 518 5416 superiori
532 5363 561 5403 n.
574 5347 608 5416 5,
622 5347 756 5420 legimus:
772 5347 949 5405 Postremum
970 5398 974 5404 .
1000 5363 1075 5404 nunt.
1088 5347 1106 5403 9
1123 5364 1130 5401 :
1144 5358 1171 5401 ut
1184 5347 1227 5417 qui
1242 5347 1351 5418 depositi
1372 5347 1485 5415 suerint,
1500 5342 1532 5397 ab
1546 5344 1603 5415 ejus
1618 5351 1717 5396 tontum
1738 5347 1803 5402 ciui.

150 5436 248 5476 mirum
266 5422 346 5490 repdt
367 5420 401 5474 od
414 5421 550 5476 ciuitatem.
567 5418 646 5476 Unde
668 5420 731 5482 laic.
753 5429 810 5488 post
831 5419 949 5488 quintum
1000 5419 1059 5473 tutis
1083 5417 1177 5488 finibus
1200 5426 1378 5498 regrepentnr,
1403 5416 1529 5471 dubitare
1551 5413 1709 5496 canusinis,
1735 5419 1801 5487 quin

150 5492 278 5546 deciorum
290 5508 397 5557 annum,
408 5490 603 5548 restituendum
612 5505 674 5547 esse
683 5489 842 5544 lilondsllus
852 5490 949 5545 merito
1000 5489 1196 5545 restituendum
1212 5485 1293 5541 luent
1313 5486 1421 5557 dejecti,·
1435 5485 1503 5539 adeo
1522 5491 1551 5539 ut
1564 5483 1656 5555 dejecta
1671 5487 1714 5538 luc
1728 5486 1801 5547 idom

150 5559 947 5634 observavitcadecutqnodinsuperioreepistnlanonnihil,
1000 5562 1055 5626 sit,
1077 5557 1149 5631 quod
1173 5557 1228 5612 illic
1249 5557 1357 5627 depositi
1365 5573 1373 5619 ,·
1397 5570 1447 5611 nee
1469 5555 1558 5609 minus
1580 5561 1656 5608 certo
1679 5559 1801 5631 evincit,

151 5643 181 5690 ut
192 5648 265 5717 steps
281 5634 309 5689 dt
322 5634 348 5689 in
365 5633 521 5705 hujusmodi
533 5635 634 5699 musis,
649 5639 838 5702 exaggeratum
852 5628 946 5712 luerit,
1000 5630 1098 5687 deinde
1115 5643 1206 5685 cucem
1221 5625 1306 5694 orbis,
1321 5628 1381 5683 loco
1402 5627 1489 5694 urbia,
1504 5624 1635 5682 mendose
1649 5630 1718 5697 apud
1732 5631 1800 5692 Lab.

148 5719 223 5763 rrnac
235 5706 562 5777 imperatorescorrigant
574 5715 601 5760 et
615 5703 769 5762 accuratius
789 5708 945 5773 enuntient.
1000 5702 1153 5773 irrepsisse.

388 5799 532 5862 rl'truou.
555 5796 646 5860 xttt.
1222 5837 1236 5865 .
1498 5794 1537 5857 19
