3900 6134
48 272 54 283 .
82 245 139 303 28}
773 238 1043 300 eubbadomsttn.
1687 247 1743 306 282

83 349 187 424 loreas,
203 369 258 412 non
277 353 362 410 Cassii
373 350 477 408 Ganriili
488 391 496 418 ,
509 359 556 407 aut
566 349 677 407 casaris
692 351 839 407 turbulenta
848 354 885 419 oi,
899 360 925 418 Α
938 355 1590 430 ecelesiamingressuracomparatumiueratlb).
1600 358 1745 431 liujusba·

85 449 286 510 sedbaureatii
297 447 420 518 martyris
431 444 501 500 baud
515 445 888 515 incrttentopraliorcxaun
941 448 1054 503 masiani
1065 451 1156 520 operis
1170 450 1380 507 iterataertstaat
1394 451 1613 509 testimoniatum
1624 453 1741 525 enatat,
1815 492 1817 496 .

86 547 200 619 quidem
221 541 286 599 iliad
306 540 446 597 evidenter
472 539 648 610 consequitur
674 538 849 594 Laurentium
873 553 889 593 a
941 543 1156 599 tuorinnocentii
1171 543 1212 611 ii,
1227 547 1272 616 arri
1287 562 1380 615 aquam
1404 544 1521 601 Vaticani
1534 547 1626 613 collis,
1643 548 1750 603 incerto

88 639 174 697 elaris
184 637 238 692 iliis
249 634 306 705 ejrts
320 633 397 689 urbis
411 632 475 686 liliis
489 632 600 688 minime
615 631 833 703 disjungendum.
940 633 1003 689 aliut
1015 651 1030 689 a
1042 635 1126 706 capite
1140 636 1312 703 acaronem,
1329 653 1345 690 a
1359 635 1392 692 b.
1402 633 1516 692 Damaso
1529 639 1670 704 inuentam,
1684 655 1741 693 sco-

127 729 242 786 Carmen
252 727 287 782 do
300 724 325 781 F
327 725 430 781 omibus
444 725 521 779 nobis
541 723 660 788 iudicat,
677 724 778 794 aliquid
799 724 889 796 operis
941 730 1054 801 turipiae
1067 729 1102 784 ad
1115 731 1245 784 lavacrum
1257 746 1330 785 aona
1344 731 1517 802 permotionis
1531 732 1557 785 ia
1574 736 1671 803 pontem
1683 748 1741 788 car·

88 824 120 880 in
131 820 257 877 tatiana
272 818 355 875 etiarn
376 815 490 891 basilica
514 816 548 873 ab
565 815 619 871 boe
633 817 760 886 porrtibee
774 815 886 872 iactum.
939 823 1067 889 moutam,
1083 839 1175 878 carsae
1189 824 1330 890 anrr'ssaar,
1346 825 1533 896 conquisitam,
1546 836 1739 896 repertamque,

90 915 164 985 Quid
174 913 225 969 boc
237 912 282 978 sit,
298 908 460 980 ciampinus
470 917 601 978 quantum
616 908 702 979 potuit
718 908 744 962 in
757 917 829 964 tanta
842 923 889 965 re·
940 930 971 968 ac
984 916 1049 969 mire
1057 914 1203 985 probatam,
1218 920 1288 987 [orote
1301 932 1389 970 reseas
1399 925 1529 971 exstructo
1538 918 1661 983 restituit,
1672 929 1701 972 ut
1711 918 1740 974 in

92 1017 190 1067 testate
205 1018 376 1079 temporam,
402 1018 434 1059 tte
453 1017 543 1058 retum
565 1003 768 1067 immutatione,
789 1002 889 1058 veteris
943 1009 1012 1066 Urbe
1027 1013 1101 1081 agitis
1117 1011 1259 1080 perepriais
1272 1012 1411 1080 affluente,
1426 1011 1495 1067 ades
1519 1009 1653 1067 Vaticana
1667 1028 1741 1067 suam

90 1102 181 1173 {emilii
197 1098 422 1170 ichliognphidm
439 1095 616 1165 describens,
633 1094 676 1151 bis
696 1096 785 1151 verbis
800 1095 887 1165 expli·
941 1104 1007 1158 banc
1018 1103 1149 1167 lichenem,
1161 1104 1263 1175 §mittit
1275 1104 1427 1159 salubritate
1439 1103 1620 1160 hamiendam,

88 1198 162 1254 cuit:
176 1194 216 1249 Ab
228 1186 435 1248 ttttt‘ttttttlerttm
446 1191 524 1245 trr'am
533 1205 636 1261 testim·
660 1190 736 1261 lotae
757 1189 889 1260 operosior
977 1195 1085 1251 saneta
1097 1195 1249 1252 Anastasia
1272 1206 1406 1253 vetustam
1427 1211 1493 1253 sane
1508 1197 1650 1254 basilicam
1663 1213 1678 1253 a
1692 1199 1744 1253 [ia-

87 1302 111 1345 et
125 1288 263 1360 pulchrior
280 1285 358 1340 maier
377 1284 555 1351 attollebatur,
568 1294 595 1338 ut
617 1284 889 1356 patrissaturum
942 1302 1018 1342 maso
1041 1287 1154 1358 picturis
1166 1298 1288 1345 ornatam
1305 1298 1398 1343 narrat
1411 1288 1528 1346 Hilarius
1544 1305 1628 1362 papa,
1644 1290 1744 1347 recita·

86 1385 263 1441 uetustissimo
287 1380 367 1436 altari
391 1380 422 1436 S.
454 1376 566 1434 loannis
584 1378 619 1432 ad
637 1382 720 1450 [antes
744 1377 887 1448 appellato.
942 1379 977 1433 tis
990 1393 1005 1433 a
1018 1378 1165 1435 Saraaanio
1180 1381 1305 1436 versibus
1320 1381 1347 1435 in
1364 1382 1437 1436 notis
1452 1381 1486 1437 ad
1505 1396 1617 1438 carruen
1635 1383 1685 1450 i'i,
1708 1398 1744 1440 ex

89 1478 156 1535 Noa
170 1480 244 1549 lonpe
255 1474 286 1530 cb
301 1473 378 1547 bajus
392 1472 482 1527 altaris
493 1471 617 1545 prolibus
635 1471 662 1525 iu
678 1468 762 1524 aredio
769 1485 889 1540 resupnum
941 1486 994 1542 quo
1009 1473 1077 1527 iorte
1092 1470 1193 1542 aliquid
1208 1472 1326 1543 praesidii
1340 1514 1347 1537 ‚
1363 1488 1524 1544 utrumquem
1540 1474 1650 1542 trustra,
1664 1490 1744 1532 acee-

86 1590 122 1628 ac
134 1569 251 1641 patulum
265 1568 366 1623 labrum
378 1564 483 1621 tambac
507 1564 692 1635 pretiosissima
707 1563 805 1618 concita
818 1580 889 1617 mar·
942 1563 1007 1643 dere
1023 1564 1159 1621 ridebitur
1172 1565 1206 1620 ad
1219 1581 1313 1622 eorum
1328 1567 1508 1632 sementiam,
1522 1569 1566 1639 qui
1580 1584 1640 1625 earn
1655 1569 1744 1626 eccie-

87 1661 334 1725 nrorealubastrino,
347 1676 397 1731 aua
407 1658 464 1714 lari
475 1658 566 1724 nitore,
580 1673 631 1727 qrra
639 1657 720 1730 ripale
730 1655 890 1712 exstantibus
941 1658 1009 1732 siam
1022 1657 1178 1731 Hieronymi
1190 1659 1334 1716 cardinalis
1348 1661 1455 1717 titulum
1468 1661 1551 1719 inissa
1561 1664 1742 1735 seripserunt.

85 1757 210 1813 illustris.
227 1753 262 1809 ia
275 1755 342 1809 boat:
353 1769 422 1808 caco
436 1761 521 1807 ateatu
534 1768 579 1822 per
596 1750 700 1822 fistulas
715 1751 796 1806 erola
813 1751 890 1806 arida
904 1754 929 1815 Β
942 1750 1074 1807 baronius
1100 1751 1216 1822 denique
1244 1768 1276 1809 oc
1299 1753 1458 1810 ciacconius
1480 1753 1609 1811 naama
1637 1756 1745 1812 Damasi

85 1852 277 1920 irrumperem,
291 1848 384 1920 quibus
398 1848 571 1902 catechumeni
591 1847 792 1918 baptizarentur.
810 1845 890 1900 illam
916 1834 925 1854 “
941 1844 1101 1899 auctoritate
1124 1846 1254 1915 permoti,
1269 1845 1411 1901 ecclesiam
1425 1845 1455 1903 S.
1470 1845 1576 1903 {latinae
1588 1856 1617 1903 et
1641 1847 1746 1904 Secun-
1783 1856 1785 1860 ’

87 1942 208 1998 Liberius
221 1942 363 2012 pontifices
376 1940 559 1996 exstruendam
572 1940 635 1996 olim
647 1939 814 1995 nrandaoaat
833 1937 891 1994 Da·
941 1935 982 1992 dm
998 1938 1023 1991 in
1048 1938 1122 2010 sylva
1146 1938 1267 1993 Candida
1281 1955 1318 2005 ,a
1340 1939 1413 1996 lulio
1429 1942 1582 2012 inceptam,
1598 1957 1614 1997 a
1631 1942 1746 2001 barriaco

88 2051 181 2101 neusa,
197 2050 254 2088 cum
269 2050 320 2089 aon
343 2033 429 2088 adbuc
453 2033 587 2104 pontificia
611 2033 720 2105 palparet
745 2035 888 2097 ntaiestate.
941 2031 1095 2087 absolutam
1118 2032 1202 2090 luisse
1219 2047 1357 2091 asserunt.
1374 2035 1444 2091 Sunt
1459 2036 1552 2106 etiarn,
1567 2037 1612 2107 qtti
1627 2037 1680 2092 boc
1694 2037 1746 2092 ba-

89 2127 164 2194 Quia
180 2135 208 2180 st
218 2127 300 2199 operis
314 2134 366 2180 tarn
378 2126 509 2198 perspicui
520 2127 642 2180 premaris
657 2125 691 2180 ad
703 2135 818 2197 posteros
832 2144 890 2199 per·
942 2127 1010 2182 nrasi
1023 2127 1141 2183 studium
1155 2129 1304 2185 extendant
1316 2130 1349 2184 ad
1366 2129 1424 2185 ioca
1438 2130 1472 2185 ab
1486 2128 1559 2186 Urbe
1569 2129 1679 2196 dissita;
1691 2130 1747 2187 No·

86 2224 202 2287 nertirct,
221 2223 277 2293 ipse
294 2219 430 2277 Moesorum
453 2237 504 2275 non
528 2221 632 2275 bumilis
645 2221 730 2274 cultor
750 2219 890 2287 Damasus,
942 2221 996 2277 lani
1011 2222 1084 2276 enim
1107 2224 1254 2293 scriptores
1271 2223 1413 2279 aediculam
1433 2224 1525 2290 iilam,
1540 2224 1566 2279 ia
1581 2236 1635 2294 aaa
1648 2223 1678 2279 S.
1691 2222 1744 2280 Fe·

88 2316 174 2388 lapidi
194 2315 285 2370 iacidit
306 2314 431 2386 quosdam
456 2313 608 2377 uersiculos,
630 2329 739 2384 quartem
766 2315 891 2369 nonnulla
943 2311 1003 2369 licis
1018 2316 1173 2386 sepulerum
1197 2315 1301 2382 lucrat,
1316 2332 1396 2386 auam
1410 2315 1507 2371 deiude
1521 2316 1688 2386 amplissima
1702 2315 1747 2371 itta

89 2415 254 2484 srcpmeuta,
271 2425 329 2464 cum
346 2412 374 2463 ia
394 2407 532 2481 parietibus
549 2411 619 2463 iutra
633 2425 725 2463 aarum
741 2408 892 2463 oratorium
943 2407 1054 2463 basilica
1076 2423 1124 2463 sua
1148 2423 1163 2462 a
1188 2423 1218 2463 se
1239 2409 1357 2463 clausam
1374 2407 1504 2464 Prtttliaus
1520 2408 1616 2463 scribit
1629 2406 1675 2480 (c),
1693 2408 1746 2463 ua·

88 2500 369 2575 S.beorrispcpasia
386 2501 436 2573 lepi
452 2511 573 2570 possent,
589 2501 692 2555 totidem
716 2502 817 2556 erudita
833 2480 903 2572 p'er?
943 2515 1020 2556 maso
1044 2503 1215 2568 attribuunt,
1239 2517 1270 2557 ac
1293 2510 1414 2557 ueterem
1440 2502 1509 2555 itarrc
1530 2500 1704 2571 precatoris
1719 2500 1746 2555 in

91 2595 223 2665 linumque
241 2595 390 2649 curiositate
405 2595 527 2666 primaeuo
544 2611 574 2650 ae
590 2596 699 2671 pecuina
715 2595 800 2650 censui
813 2597 891 2650 resti·
943 2596 1002 2666 ejus
1018 2596 1056 2651 rei
1071 2596 1253 2652 testimouium
1270 2595 1474 2666 inscriptionem
1489 2594 1625 2649 aderunt:
1642 2593 1663 2664 †
1680 2592 1748 2665 Sep·

25 2703 30 2713 *
91 2696 148 2742 tata
162 2688 280 2741 uisuntur
295 2687 323 2741 in
340 2687 436 2758 cryptis
459 2685 590 2742 Vaticanis
609 2685 658 2758 (a).
681 2687 716 2742 m
738 2688 800 2756 quia
820 2687 893 2743 abiud
946 2690 1010 2744 tima
1024 2691 1067 2745 die
1080 2699 1163 2744 stante
1178 2705 1265 2743 incerte
1279 2688 1363 2743 bladii
1377 2687 1397 2759 †
1412 2687 1539 2742 dedicatio
1552 2688 1601 2741 erit
1614 2684 1693 2760 bujm
1714 2684 1746 2741 S.

91 2779 294 2850 baptisterium,
308 2779 379 2834 aliud
395 2795 459 2834 vero
470 2778 621 2850 baptisterii
637 2779 706 2844 lons,
721 2778 784 2835 iritrc
799 2793 827 2834 m
842 2797 893 2852 ego
945 2782 1078 2839 Ecclesia.
1090 2784 1177 2838 leatus
1191 2782 1319 2837 Damasus
1328 2781 1388 2835 PP.
1404 2782 1546 2836 construxit
1559 2789 1584 2835 et
1597 2778 1746 2848 adipicaoit.

94 2884 173 2946 poto,
188 2872 290 2946 duplex
305 2884 349 2929 est
362 2873 469 2928 Damasi
491 2890 601 2929 carmen
623 2876 654 2929 da
677 2874 804 2931 Fontibus
822 2875 896 2931 Vati-
945 2875 985 2930 Ad
1008 2875 1150 2931 Honorem.
1173 2875 1442 2931 statueramus.
1462 2873 1567 2930 Felicis.
1583 2874 1673 2946 Coaf.;
1693 2888 1746 2945 atta

92 2965 260 3033 caumalind
275 2965 382 3037 integro
396 2967 555 3039 baptisterio
569 2968 750 3039 epicuream
764 2969 894 3025 Mercurio
945 2968 979 3025 de
993 2985 1040 3035 re,
1057 2969 1136 3037 ride,
1154 2969 1176 3025 si
1193 2969 1298 3038 piacet,
1315 2971 1350 3024 ct.
1367 2969 1453 3022 virum
1478 2966 1610 3024 loannem
1630 2965 1747 3039 Stepba·

92 3060 224 3128 diacono,
237 3059 387 3116 aiiudtero
401 3058 453 3129 ipsi
478 3075 610 3129 aquarum
625 3062 894 3131 receptaeuiodcba·
947 3076 1010 3116 num
1031 3061 1232 3117 Rerrroudinmn
1252 3060 1304 3134 (d).
1320 3059 1416 3115 Mirum
1436 3069 1525 3114 tatuen
1545 3058 1630 3114 rideri
1651 3057 1750 3114 merito

92 3153 124 3207 tii
137 3167 221 3222 opera
235 3151 483 3222 inseriptunr.Nam
494 3152 643 3220 ionsalius,
660 3156 891 3223 seueamhartun,
907 3137 930 3202 G
947 3156 1064 3226 poterit,
1089 3156 1234 3211 Paulinum
1260 3155 1370 3228 ipsum,
1391 3169 1554 3225 orrarnqnam
1578 3152 1613 3208 de
1634 3151 1747 3206 edicula

92 3243 169 3316 qood
191 3244 321 3299 Paulinus
340 3243 461 3299 Nolanos
480 3246 618 3315 eleganter
635 3244 766 3301 describit
781 3247 807 3300 ia
823 3247 892 3302 :rtrio
946 3248 991 3304 iila
1014 3247 1114 3319 saepius
1137 3249 1239 3320 egerit,
1253 3248 1355 3304 trullam
1382 3261 1509 3318 ursianam
1528 3244 1587 3315 ejas
1612 3242 1749 3314 porrtibots

91 3337 216 3394 basilica
240 3339 373 3407 positum,
388 3352 421 3393 ae
444 3337 478 3393 ab
500 3338 636 3394 nonnuliis
661 3355 710 3409 pro
736 3338 894 3409 baptisterio
949 3342 1116 3397 mentionem
1131 3340 1265 3407 iecisse„

91 3436 237 3500 acceptum
251 3425 319 3497 luit,
334 3426 379 3484 uni
398 3437 502 3486 tantum
520 3430 641 3485 lavanda
661 3444 710 3500 pro
732 3444 810 3486 more
823 3431 895 3502 plebi

141 3566 173 3638 c)
188 3568 248 3625 iet.
260 3568 347 3636 Mon„
371 3579 438 3625 tom.
453 3569 474 3635 Ι,
490 3586 517 3642 p.
533 3571 579 3628 59.
1000 3575 1025 3646 c)
1039 3575 1090 3644 iip.
1109 3575 1158 3641 ib,
1174 3573 1238 3632 Ver.
1255 3574 1321 3630 edit.

89 3640 171 3770 edili)
186 3640 227 3697 ct.
240 3640 336 3697 Murat.
355 3657 383 3698 n.
398 3640 445 3709 li,
459 3642 505 3711 lu,
519 3643 553 3699 ad
566 3643 652 3740 Epist.
667 3643 757 3714 Paul.,
774 3644 818 3714 id,
831 3644 893 3702 Ver.
999 3650 1027 3720 d)
1043 3647 1119 3704 Delia
1133 3646 1230 3702 Nolau.
1253 3646 1360 3702 becles.
1373 3644 1478 3712 storia,
1494 3644 1541 3700 lib.
1558 3659 1587 3712 rt,
1603 3659 1664 3716 cap.
1680 3645 1708 3713 8,
1722 3643 1749 3700 9.

106 3847 554 3876 ——1—-uns

687 3944 977 4028 DIATRIBAE
1014 3941 1154 4026 DUAE

156 4115 160 4120 ’
226 4109 531 4175 mussitamus
562 4109 691 4174 susm
717 4109 900 4185 ananau
928 4104 1176 4172 eourrmcuu
1201 4103 1347 4167 mamm
1374 4102 1425 4164 m
1455 4101 1620 4165 anuum.
1685 4158 1691 4164 .

348 4369 509 4428 atabulus
529 4369 647 4428 PRIMA.
953 4382 1015 4421 nem
1032 4365 1101 4420 lianc
1122 4364 1310 4422 deficientibus
1331 4365 1540 4419 montrrnentisa
1561 4364 1627 4419 viris
1640 4371 1755 4419 catero-

953 4458 1018 4527 tptin
1032 4456 1208 4520 doctissimis,
1222 4456 1285 4511 dttm
1297 4456 1410 4525 quisque
1424 4464 1620 4526 praeconceptis
1632 4455 1754 4525 opinioni

92 4605 105 4669 ς
121 4604 134 4655 1
156 4629 188 4640 -
199 4600 342 4652 mmmm
354 4600 431 4649 w,
444 4600 578 4662 mimum
586 4599 602 4647 d
604 4611 619 4648 e
630 4612 647 4663 g
648 4598 710 4648 esus
721 4594 766 4646 bib
768 4596 814 4647 er„
827 4608 901 4645 mu·
955 4551 1086 4615 inservit,
1101 4560 1223 4652 nontam
1240 4550 1395 4652 explanari,
1410 4563 1490 4652 quiam
1507 4548 1650 4652 implexam
1667 4548 1753 4620 stragis

127 4641 171 4729 lis,
184 4678 247 4728 quos
259 4669 354 4714 tantum
371 4660 465 4712 iuturus
479 4663 526 4712 sibi
536 4661 632 4725 judices
644 4661 769 4724 proposuit
781 4666 863 4709 auctor
876 4659 901 4708 in
918 4678 942 4739 D
955 4651 1037 4713 bique
1060 4642 1247 4698 obscultetem
1271 4639 1353 4695 effict-
1375 4640 1417 4696 Me
1432 4643 1513 4712 tgitur
1525 4655 1585 4696 cunt
1601 4656 1634 4697 ns
1645 4643 1754 4711 inuitis,

128 4730 178 4778 ¹¹²⁶
188 4724 475 4777 wleblioessmlessh·
957 4735 1003 4805 qui
1026 4734 1095 4790 barre
1120 4734 1332 4789 controversiam
1358 4742 1525 4802 tractarunt,
1551 4733 1638 4805 abripi
1661 4751 1758 4807 passas

311 4482 354 4541 Dc
367 4486 445 4558 gestis
459 4462 557 4539 liberii
571 4483 677 4539 casulis.

134 4840 243 4897 Mecum
278 4839 337 4909 ipse
369 4835 580 4898 constitueram,
604 4846 767 4903 quamquam
795 4829 904 4885 occasio
958 4843 1085 4893 sum3ne
1106 4840 1197 4882 autern
1222 4828 1339 4884 lectores
1365 4839 1439 4883 meos
1463 4827 1575 4884 niarium
1595 4830 1757 4902 litigarem,

98 4950 164 4993 sese
177 4932 335 4996 obtulisset,
349 4945 384 4986 tre
397 4929 462 5001 quid
475 4927 610 4985 sermonis
626 4927 684 4981 istis
699 4925 732 4980 de
746 4924 827 4979 rebus
842 4937 905 4993 age·
956 4922 1055 4977 cornuis
1086 4921 1227 4976 dumtaxat
1256 4921 1453 4991 scriptoribus,
1475 4938 1590 4994 qnorum
1614 4932 1760 4995 supersunt

99 5041 178 5092 rem,
190 5024 263 5096 quod
278 5023 332 5079 iiia
345 5031 426 5078 extra
441 5021 593 5077 institutam
608 5033 696 5075 meunt
709 5018 806 5089 positae
829 5016 903 5087 ride·
957 5029 1057 5084 opera,
1072 5028 1131 5068 earn
1154 5012 1305 5069 dilucidare
1319 5028 1463 5084 aggressus
1477 5030 1536 5070 snm
1554 5032 1561 5069 ε
1580 5016 1653 5087 quod
1668 5024 1756 5071 minen

98 5127 209 5184 rentur,
225 5131 257 5173 ac
279 5130 313 5172 uo
327 5124 425 5186 ,rotam
442 5124 497 5170 tam
511 5128 583 5183 sape
595 5117 746 5176 versatam,
764 5108 851 5164 inutili
866 5109 904 5162 la·
956 5121 991 5160 an
1005 5103 1165 5160 successerit
1178 5119 1211 5159 ex
1228 5114 1306 5170 voto,
1321 5106 1338 5159 ii
1353 5105 1511 5174 dijudicent.

98 5215 200 5272 borea
225 5227 269 5267 me
289 5210 392 5266 versari
409 5211 507 5265 iterum
528 5207 675 5263 diceretur.
692 5205 792 5260 Veram
813 5200 905 5258 corai-
993 5198 1129 5269 Principio
1142 5198 1205 5269 quin
1218 5197 1342 5254 Liberius
1354 5214 1420 5269 papa
1433 5199 1460 5253 iu
1472 5198 1568 5254 exsilio
1582 5195 1683 5266 positus
1695 5193 1757 5250 Sir·
1864 5215 1867 5220 ·

98 5310 170 5366 lium
196 5316 289 5378 postea
312 5305 454 5360 immutari
479 5317 586 5369 meum,
610 5298 682 5371 quod
707 5298 826 5353 videram
849 5305 905 5351 tum
957 5292 1080 5347 ostiensem
1095 5289 1172 5361 palem
1187 5293 1347 5362 susceperit,
1361 5305 1441 5346 ttettto
1453 5287 1625 5354 dubitauerit,
1639 5289 1683 5359 qui
1700 5287 1760 5360 ejus

98 5398 206 5458 Liberii
231 5398 358 5454 baeresim
382 5397 417 5453 ab
443 5394 629 5460 lurconianis,
654 5392 752 5463 elapsis
774 5392 852 5447 annis
872 5390 906 5447 ad
957 5384 992 5440 ad
1014 5385 1166 5440 orientales
1190 5384 1333 5453 epistolam
1356 5383 1445 5453 legat:
1460 5379 1632 5453 nequeenim
1653 5381 1676 5436 is
1697 5396 1757 5437 sum

100 5508 234 5552 nauemm
249 5506 335 5563 usaue
356 5489 491 5547 recautari
513 5483 827 5548 adramnscatbabeos,
848 5493 904 5539 tum
957 5497 1028 5555 ogo,
1045 5481 1090 5552 qui
1112 5495 1171 5536 earn
1194 5476 1406 5548 repugnantibus
1431 5484 1470 5530 tot
1492 5474 1598 5532 suculis
1621 5477 1758 5546 postulare

100 5586 189 5643 luisse
213 5598 301 5653 nuper
320 5591 475 5639 nostrarum
496 5580 612 5654 partium
635 5578 794 5648 scriptorem
821 5575 907 5630 bisto-
960 5574 1019 5631 ialsi
1035 5590 1067 5631 ac
1082 5574 1151 5629 inter
1175 5570 1337 5625 baianorum
1351 5579 1506 5624 commenta
1521 5568 1635 5640 rejicere
1648 5584 1759 5640 prorsas

100 5679 206 5745 ticam
223 5677 268 5748 qui
279 5691 339 5733 eam
353 5689 402 5747 pro
416 5690 447 5732 re
467 5673 575 5731 indubia
588 5671 687 5729 babeat
699 5712 706 5738 ,
720 5679 775 5725 tum
791 5667 909 5739 deniqne
961 5666 1075 5724 audeam
1093 5684 1099 5718 :
1115 5681 1148 5720 an
1164 5677 1229 5719 roro
1255 5662 1420 5717 voluntatem
1440 5660 1524 5719 aerbo
1546 5673 1626 5719 mnus
1646 5678 1759 5732 expres-

101 5769 179 5846 qood
196 5767 329 5842 legendo,
345 5775 374 5828 et
388 5765 544 5827 meditando
562 5762 767 5824 obsecraverim
782 5761 911 5836 queastio·
962 5775 1036 5834 sam,
1052 5775 1087 5817 an
1104 5758 1193 5831 potius
1212 5755 1409 5828 subscriptione
1431 5756 1521 5831 aliqua
1542 5758 1624 5818 otiam
1644 5771 1693 5817 sua
1704 5757 1760 5827 latu
