3900 6134
155 207 209 266 bib

691 212 761 269 etto
779 212 916 271 sancto
935 213 1135 273 denudasti)
1153 215 1220 273 ΗΒ.
1241 217 1274 274 ll.

1755 220 1808 279 bit

154 323 196 379 ilii
206 330 241 376 ⁸:
259 320 347 378 biuios
369 324 437 377 naaria
456 320 546 394 perdet
564 324 640 390 illos,
661 327 764 382 cineam
781 327 874 383 locabit
896 328 956 384 aliis
970 332 995 391 Α
1008 336 1037 383 ιιι
1054 328 1080 384 in
1100 338 1182 399 gente
1202 329 1253 386 lrac
1273 346 1314 397 es,
1333 346 1394 402 quaa
1417 332 1523 390 tructus
1542 334 1698 392 interdatur
1718 335 1809 391 iacere

154 414 266 477 colonie,
282 415 325 484 qui
335 412 479 470 reddentei
495 418 610 485 {ructum
622 418 779 489 temporibus
791 420 845 473 suis
858 416 954 493 (Did,

153 521 210 574 ιιι,
224 506 281 576 23).
299 507 340 563 Ex
356 506 399 562 bis
414 508 475 578 qnia
496 524 558 565 esse
575 526 643 565 arnus
663 526 828 581 magnopere
846 512 956 568 deside·

153 602 237 665 raris,
250 607 278 655 ct
289 614 338 655 nos
349 600 438 655 socios
452 602 596 657 criminum
609 611 716 658 tuorum
729 604 865 659 suadebas
878 606 952 660 lieri:

153 693 332 763 nequeenim
347 691 399 746 alia
416 701 480 748 sunt
495 694 607 748 utinsilia
625 705 670 750 tna
691 696 726 751 ab
748 696 856 751 illarum
878 696 955 752 nela-

153 786 203 842 riis
216 784 349 850 consiliis,
365 784 413 857 qni
423 784 599 842 inveniuntur
614 787 759 858 nrothetas
771 788 953 855 interemisse,

154 879 200 949 qui
220 877 339 949 deniqne
354 876 381 931 in
399 878 507 932 unicum
522 878 570 933 Dei
587 878 685 934 Filium
705 880 803 947 impias
822 893 954 948 porrexe-

153 972 208 1028 rint
223 985 334 1035 rnaatts;
350 970 469 1026 maxime
484 985 546 1027 cnm
562 971 643 1026 ctiam
657 973 800 1043 passiones
812 971 953 1026 beatorum

152 1064 266 1120 istorum
281 1065 429 1118 missorum
448 1062 482 1118 ad
500 1063 612 1118 caisinos
632 1064 666 1118 ad
688 1064 804 1119 nildlum
822 1063 860 1119 sis
881 1063 954 1118 redi·

151 1170 231 1227 qens,
243 1155 392 1210 astruendo
403 1155 466 1211 illos
481 1155 565 1212 luisse
579 1155 741 1211 interiectos
761 1167 872 1227 oranter
891 1172 954 1211 eum

150 1252 196 1322 qui
218 1250 299 1322 {uerit
319 1250 424 1319 qnando
448 1266 499 1305 non
523 1251 622 1319 faerit5
642 1266 704 1306 curn
727 1252 846 1307 clament
869 1266 954 1308 saerae

150 1343 308 1415 scripturae,
319 1343 384 1412 quia
399 1342 495 1397 unicus
509 1341 556 1397 Dei
569 1341 653 1397 Filius
665 1358 774 1413 serrrpcr
789 1345 953 1414 regnaverit,

150 1450 183 1492 ac
196 1435 231 1491 sit
246 1450 364 1505 regnans
380 1449 442 1490 cnm
463 1436 555 1490 Patre.
575 1434 662 1490 Unam
679 1436 781 1492 trabere
796 1434 811 1474 ¹³
825 1436 953 1492 deiertcm

150 1530 279 1600 aperiunt
295 1526 442 1583 dominicae
464 1528 562 1583 litterae
583 1526 702 1595 Patrctn,
716 1538 745 1583 ct
763 1528 872 1583 unicum
894 1528 953 1598 cios

150 1620 265 1687 Filium3
286 1629 315 1677 et
335 1620 404 1675 dicis
427 1636 501 1684 eum,
517 1635 636 1691 proquo
657 1620 789 1676 interiecti
806 1627 870 1675 snm
887 1636 953 1692 pro-

1004 420 1127 491 institire,
1139 431 1170 478 ut
1182 438 1236 479 non
1252 440 1322 480 urrrrs
1334 439 1397 481 esse
1410 428 1601 497 pronuncieris
1611 444 1646 484 er
1659 428 1724 495 illis,
1736 442 1806 499 quos

1007 514 1100 581 pulsas
1118 528 1179 569 esse
1198 529 1213 569 a
1228 514 1276 571 Dei
1293 530 1376 585 regno
1394 528 1506 587 propter
1519 518 1654 588 iustorum
1669 533 1764 574 necem
1779 528 1810 574 et

1006 605 1222 663 incredulitatem
1236 624 1314 664 snam
1328 609 1432 664 audias.
1447 611 1514 666 Esse
1529 612 1676 667 teadrerte
1689 612 1747 668 lurco
1759 628 1808 683 qe·

1005 699 1091 753 rertdo
1110 700 1181 754 inter
1194 700 1270 763 ilias,
1299 718 1416 770 quarum
1434 704 1571 771 nequitias
1590 705 1717 773 apericus
1741 704 1809 762 dieii

1006 791 1157 845 Dominus:
1175 791 1269 847 Simile
1288 803 1324 848 cst
1344 811 1453 865 requam
1473 797 1596 850 caelorum
1617 798 1717 852 lrottrini
1740 800 1807 869 ceqi,

1004 883 1048 954 qui
1063 884 1123 950 [ecit
1137 885 1240 945 stantius
1256 885 1311 953 filio
1325 900 1383 949 sno,
1394 895 1419 940 et
1433 888 1504 941 arrisit
1515 903 1601 943 seruos
1616 904 1679 942 suos
1691 889 1725 942 ad
1738 888 1807 944 iati-

1005 970 1136 1027 rarosdau
1147 975 1249 1044 scaptiae
1261 972 1343 1043 (ibid.
1357 976 1470 1047 carust).
1482 976 1513 1030 Et
1525 975 1594 1030 inira
1604 995 1610 1031 z
1621 976 1655 1030 Et
1666 978 1808 1033 noluerunt

1005 1066 1098 1120 tenire.
1112 1064 1212 1118 lterum
1223 1066 1291 1119 misit
1300 1076 1312 1103 θ
1320 1066 1354 1119 od
1365 1068 1425 1120 itlos
1433 1084 1521 1122 seruos
1532 1070 1637 1124 dicens:
1648 1069 1731 1125 Dicite
1741 1072 1808 1125 itroi-

1005 1158 1064 1210 tatis
1076 1172 1086 1210 .·
1096 1154 1165 1209 Ecce
1179 1156 1319 1227 prandium
1330 1157 1420 1225 parari
1434 1174 1519 1213 meum
1528 1176 1538 1213 .·
1547 1160 1618 1213 tauri
1630 1160 1690 1224 otei,
1701 1171 1726 1215 et
1736 1162 1808 1233 soqi·

1005 1257 1066 1302 natu
1077 1251 1172 1313 occisa,
1182 1258 1206 1301 et
1217 1248 1303 1301 ornain
1317 1259 1426 1318 paruam·
1437 1250 1519 1304 cenite
1530 1250 1565 1304 od
1576 1251 1691 1321 nuptias.
1704 1249 1751 1306 itti
1760 1268 1808 1307 ou·

1006 1348 1054 1393 tent
1061 1340 1238 1409 neqlererttat,
1249 1349 1272 1393 et
1281 1339 1397 1393 abierunt
1406 1341 1453 1394 alii
1462 1342 1490 1395 iu
1500 1343 1588 1397 uillam
1597 1360 1683 1407 suunt,
1693 1344 1738 1397 alii
1745 1361 1806 1399 aero

1005 1433 1040 1486 ad
1053 1434 1250 1503 naqotlationem
1266 1449 1358 1498 suam,·
1373 1433 1466 1504 reliqui
1481 1450 1541 1489 aero
1562 1445 1701 1491 tennerunt
1720 1453 1808 1492 scaros

1005 1526 1071 1591 eius,
1086 1535 1110 1577 et
1126 1525 1282 1578 contumelia
1305 1522 1414 1590 affectos
1434 1525 1597 1581 occiderunt.
1614 1523 1667 1581 Ille
1682 1543 1727 1582 rea
1746 1544 1806 1582 cunr

1004 1615 1128 1683 audisset,
1145 1616 1224 1670 iratas
1235 1623 1283 1678 est,
1300 1627 1324 1669 et
1339 1616 1409 1669 misit
1423 1616 1661 1683 exercitandarum,
1677 1627 1701 1670 et
1715 1618 1805 1687 perdi-

150 1716 241 1783 pltetnt
251 1711 375 1783 gloriosi,
391 1714 489 1783 factam
503 1728 558 1767 esse
572 1729 603 1767 ea
613 1713 707 1768 rtiirtlo.
724 1712 753 1767 Si
764 1714 836 1768 euim
853 1722 880 1767 ιιι
892 1727 952 1783 qnae
967 1718 991 1777 B
1004 1709 1043 1764 dit
1055 1708 1201 1764 homicidos
1211 1709 1281 1773 illos,
1296 1719 1321 1761 et
1336 1709 1451 1761 ciuitates
1467 1705 1476 1744 ¹
1493 1706 1806 1763 cerasuntensium

149 1803 219 1860 dieis
241 1819 307 1860 aera
328 1815 401 1871 sunt,
423 1815 531 1861 eortstat
554 1815 667 1876 qtroqder
687 1813 842 1861 creaturam
867 1806 951 1862 inter·
1003 1803 1039 1855 ait
1058 1802 1138 1855 sanis
1160 1801 1215 1854 suis
1232 1817 1241 1854 :
1259 1798 1366 1870 Nrrptiar
1380 1800 1483 1868 quidem
1497 1809 1597 1870 parade
1610 1809 1682 1864 tubi,
1698 1799 1744 1854 ⁸01¹
1759 1804 1805 1870 dvi

148 1895 238 1953 lectos
250 1896 344 1951 beatos
359 1896 518 1968 propbetas.
541 1897 572 1951 Et
588 1897 633 1954 ulti
653 1901 707 1953 erit
727 1898 794 1952 iilud
814 1897 888 1968 quod
910 1898 950 1953 in·
1003 1904 1075 1949 erant
1094 1894 1208 1960 inuitati,
1223 1909 1275 1946 non
1295 1898 1400 1963 [uertant
1419 1893 1492 1963 diqni
1503 1909 1513 1946 .·
1526 1893 1561 1946 ite
1581 1908 1642 1963 erqo
1665 1894 1700 1946 od
1719 1894 1805 1948 eatam

148 1989 223 2062 genti
245 1988 431 2059 indignatione
457 1990 592 2046 irascatur
613 1991 744 2046 Dominus
769 1992 795 2046 in
817 2005 881 2056 eos,
904 1990 950 2061 qui
1001 1991 1113 2053 ciarum,
1131 1999 1154 2044 et
1168 2004 1344 2059 quoscumque
1358 1988 1518 2051 interstitia,
1536 1996 1623 2041 uocate
1638 1987 1673 2040 ad
1687 1987 1802 2055 neptim.

147 2084 270 2141 seratam
289 2094 421 2138 creaturan
443 2098 523 2153 quam
546 2084 683 2138 creatori?
701 2083 730 2139 si
752 2099 800 2154 nro
824 2093 951 2139 ereanrta
1001 2079 1036 2135 Et
1051 2081 1145 2154 eqressi
1159 2080 1226 2135 serni
1239 2080 1266 2133 in
1286 2080 1340 2132 aias
1356 2089 1576 2151 coaqreqaterant
1591 2087 1715 2148 quotquot
1729 2079 1803 2134 inre·

147 2176 287 2235 interlecti
302 2187 368 2232 sunt
384 2177 455 2233 beati
477 2177 631 2247 pronuncias,
653 2177 790 2247 quomodo
804 2192 852 2232 eos
867 2174 951 2231 habet
1001 2184 1109 2239 nerurrt,
1132 2174 1215 2229 atalae
1237 2182 1261 2228 et
1281 2173 1375 2239 bonas,
1402 2182 1425 2227 et
1448 2172 1565 2241 intuletae
1585 2182 1645 2226 sutrt
1665 2175 1764 2246 nuptiae
1786 2190 1804 2227 a

146 2268 324 2325 charissimos
338 2268 645 2339 Deus‘lquomodoqniu
656 2270 778 2338 ipsoram
790 2269 882 2323 verbis
894 2284 947 2323 non
1000 2266 1229 2321 discumbentibus.
1247 2263 1358 2319 intrauit
1372 2275 1458 2319 autem
1473 2280 1520 2319 rea
1532 2278 1559 2319 nt
1575 2265 1674 2319 rideret
1688 2265 1805 2321 dicernu-

146 2359 324 2418 credidernnt
344 2359 441 2427 tardat,
462 2371 526 2416 sunt
551 2361 631 2416 bodie
657 2360 703 2415 Dei
728 2360 852 2416 inimici?
871 2360 948 2417 Unde
1000 2362 1096 2428 beatas,
1108 2360 1205 2415 etoidit
1219 2358 1254 2412 ibi
1265 2358 1395 2412 bertanem
1406 2375 1457 2413 narr
1468 2358 1585 2412 uestitum
1598 2368 1666 2413 ueste
1678 2359 1802 2429 nuptiali,

145 2451 195 2510 Dei
215 2451 302 2508 ludaei
325 2452 446 2507 inimicit
460 2451 532 2507 rtttde
547 2460 626 2509 extra
642 2451 749 2506 Domini
765 2451 848 2521 pastui
870 2450 947 2506 inte·
998 2461 1022 2508 et
1042 2454 1078 2507 ait
1102 2452 1143 2505 ilii
1156 2467 1166 2505 .·
1180 2450 1279 2517 Amice,
1296 2450 1425 2519 quomodo
1439 2449 1490 2504 bac
1504 2450 1596 2504 uenisti
1611 2458 1624 2497 ι
1639 2465 1691 2503 non
1708 2448 1803 2504 babens

144 2546 258 2602 ninntur
274 2546 402 2601 tineam?
418 2546 469 2600 taisi
480 2545 543 2616 qnia
556 2545 751 2615 prophetarum
769 2546 948 2614 interempto·
997 2547 1174 2600 aestinremum
1185 2544 1322 2616 nuptiale?
1335 2548 1368 2598 dt
1382 2545 1427 2599 ille
1439 2544 1575 2598 obnrntait.
1589 2542 1664 2597 Tunc
1677 2544 1744 2599 dieo
1757 2561 1803 2600 rec

144 2652 189 2694 res
204 2639 386 2702 exstitissent,
401 2639 453 2693 nisi
465 2638 526 2709 qnia
541 2647 675 2693 aeternnm
689 2638 774 2691 Deum
790 2636 887 2691 aeterni
900 2635 947 2691 Dei
998 2640 1123 2694 ministris
1136 2654 1145 2692 .·
1159 2638 1255 2692 Tollite
1267 2651 1324 2691 enat
1342 2636 1449 2703 nedibus
1467 2646 1492 2691 et
1514 2635 1641 2694 manibus.
1664 2645 1689 2690 et
1709 2637 1802 2691 mittite

143 2728 243 2786 Filium
256 2731 465 2800 praedicaverint
476 2732 629 2799 propbeta,
641 2729 717 2783 etilli
729 2726 947 2797 errrnblasqtltomi
997 2745 1055 2784 enm
1076 2731 1103 2783 in
1124 2731 1241 2783 terrebror
1264 2726 1403 2782 exteriores
1420 2743 1429 2780 :
1447 2726 1483 2779 ibi
1505 2727 1553 2781 erit
1576 2728 1689 2796 deterret
1704 2727 1802 2782 stridor

144 2822 183 2877 toi
204 2838 256 2878 non
278 2821 369 2877 serlum
389 2836 443 2876 non
469 2820 638 2876 crediderint
661 2818 814 2889 urrrplrctiae
838 2833 946 2883 curratur,
997 2822 1112 2877 derttium
1122 2818 1206 2892 (ibid.
1218 2819 1258 2891 b).
1271 2820 1340 2883 Quia
1353 2820 1444 2889 itaque
1458 2819 1517 2874 sine
1533 2829 1634 2875 costato
1646 2821 1683 2875 sis
1695 2821 1802 2890 numia-
1869 2836 1874 2843 ·

142 2912 192 2968 sed
206 2911 358 2968 eteosdem
368 2911 568 2967 interemerint.
582 2910 652 2979 Quid
668 2912 770 2964 etenim
786 2916 947 2980 persecutos
997 2928 1068 2979 rnm,
1081 2913 1234 2976 Constanti,
1249 2912 1303 2967 cris
1318 2911 1344 2965 in
1360 2921 1534 2981 perpetuum,
1550 2911 1602 2966 nisi
1617 2922 1643 2967 te
1656 2922 1801 2969 coruverte-

141 3003 227 3059 luisse
246 3003 390 3059 arbitraris
411 3004 437 3058 in
459 3003 603 3074 propinetis
625 3000 746 3067 ludaeos,
763 3001 816 3055 nisi
835 3001 945 3056 unicum
995 3005 1043 3070 ris,
1065 3004 1138 3072 talis,
1161 3004 1250 3073 ruralis
1272 3003 1329 3070 ille,
1349 3003 1393 3058 cni
1416 3004 1518 3060 dieitur
1531 3022 1537 3058 z
1552 3005 1651 3071 Andre,
1669 3007 1800 3075 qnornoaiu

142 3093 194 3151 Dei
207 3094 318 3160 Filium,
334 3095 405 3150 sicut
420 3104 448 3150 ot
465 3095 491 3149 in
512 3093 644 3164 aspostolis
658 3103 742 3165 atquo
758 3093 944 3164 martyribus?
959 3088 982 3151 C
997 3097 1047 3151 buc
1064 3097 1167 3151 intrasti
1181 3106 1232 3151 raon
1254 3096 1349 3150 babens
1361 3106 1454 3150 uectem
1471 3098 1617 3166 nuptialem
1632 3097 1715 3169 (ibid.
1732 3098 1798 3172 tam

142 3187 184 3243 Ex
199 3197 225 3243 te
239 3187 337 3243 saitem
348 3201 483 3258 cognosce
495 3201 557 3241 vera
572 3202 632 3242 esse
644 3201 704 3257 quae
715 3187 776 3241 dieo
789 3204 795 3238 :
810 3186 944 3255 siqnidem

141 3288 171 3338 et
186 3289 225 3346 tu,
236 3296 317 3349 quern
336 3291 348 3318 ι
363 3281 390 3336 in
409 3279 560 3336 Athanasio
575 3294 626 3334 nee
640 3295 694 3335 non
708 3287 736 3335 et
751 3279 778 3333 ιιι
791 3279 880 3343 nobis,
895 3277 944 3334 Dei

140 3386 237 3429 rernm
256 3373 430 3442 persequaris
448 3371 561 3427 Filium.
577 3370 643 3427 Caum
661 3373 719 3427 ime
739 3373 774 3426 ita
794 3374 860 3437 sint,
880 3386 945 3426 cen-

140 3477 237 3519 sueras
255 3479 306 3519 nos
322 3464 478 3535 jungendos
496 3464 716 3520 interlectoribus
735 3465 943 3531 oronitetarnm,

138 3554 277 3629 justorum
292 3558 432 3629 sanqttinis
447 3555 595 3621 lusoribus,
609 3555 802 3627 consacrilegis
814 3556 878 3621 tuis,
892 3556 944 3611 boe

141 3658 186 3706 est
197 3649 312 3718 tudela,
330 3652 451 3721 ipsorum
469 3649 596 3705 videlieet
608 3649 670 3719 qnia
685 3649 724 3703 sis
741 3648 873 3703 imitator.
888 3646 943 3703 Neo

141 3740 213 3795 eninr
229 3740 283 3794 alia
296 3738 330 3796 de
345 3756 386 3806 re,
403 3740 573 3795 britanniam
587 3740 719 3802 domitare,
734 3739 840 3803 dixisti,
856 3740 944 3794 susci-

142 3846 271 3905 peremus
294 3833 378 3890 etiam
401 3834 460 3889 drii
483 3832 563 3889 ndetn
587 3833 733 3897 mandasti,
751 3834 803 3888 nisi
822 3841 852 3888 nt
872 3843 900 3888 et
915 3833 941 3888 ln

141 3923 275 3980 effusione
287 3925 428 3996 sanguinis
445 3925 592 3995 justornm,
605 3936 632 3979 et
652 3926 678 3979 in
695 3925 820 3994 tietgaudo
834 3927 941 3980 nniettm

141 4014 191 4072 Dei
204 4016 302 4072 Filium
317 4032 399 4087 pares
414 4017 560 4071 fuissemus
575 4015 744 4080 ludaeorum,
755 4033 870 4086 quornm
885 4016 941 4086 jam

996 3187 1042 3243 Sic
1055 3198 1185 3242 vetiturus
1199 3188 1226 3241 in
1240 3187 1369 3243 tenebras
1380 3190 1542 3243 exteriores.
1555 3188 1611 3243 Nee
1622 3188 1732 3244 dubites
1743 3198 1801 3245 ete-

996 3280 1051 3335 nim
1072 3289 1098 3334 te
1120 3287 1267 3335 retitur-nm
1289 3278 1322 3333 ad
1346 3278 1499 3335 exteriores
1520 3279 1659 3347 tenebras,
1676 3279 1801 3351 qnando·

994 3373 1104 3444 quidem
1117 3373 1173 3444 jam
1190 3382 1261 3428 totus
1277 3373 1304 3426 in
1318 3373 1445 3428 tenebras
1455 3373 1494 3427 sis
1508 3388 1667 3429 erraremus.
1685 3374 1726 3430 lili
1741 3384 1799 3431 ete·

994 3468 1062 3534 nim,
1087 3468 1134 3537 qni
1157 3466 1293 3537 juratorum
1310 3466 1440 3522 inderent
1461 3468 1622 3538 sangninem
1648 3467 1797 3539 propbeta·

995 3574 1067 3623 rum,
1079 3560 1124 3629 qui
1140 3558 1250 3611 unicum
1263 3557 1310 3610 Dei
1322 3568 1490 3627 erogaverunt
1502 3557 1612 3624 Filium,
1625 3568 1652 3612 et
1664 3558 1797 3625 tenebrae,

994 3660 1022 3707 et
1035 3651 1083 3706 lilii
1099 3649 1200 3706 diaboii
1216 3656 1359 3704 recuratur.
1374 3649 1442 3715 Quia
1459 3648 1516 3704 baec
1530 3651 1569 3704 sis
1584 3658 1613 3705 et
1626 3649 1684 3721 ipse
1700 3665 1795 3722 agens,

994 3742 1087 3813 ntique
1104 3752 1129 3797 et
1153 3741 1340 3819 testebrarmn,
1360 3749 1388 3794 et
1410 3739 1513 3795 diaboii
1531 3740 1605 3795 dilus
1624 3744 1680 3796 eris
1703 3757 1796 3811 nerso-

993 3843 1157 3899 reraturus,
1182 3833 1233 3888 nisi
1257 3833 1304 3887 tibi
1327 3833 1509 3887 consulueris.
1534 3832 1689 3898 Quernado,
1713 3834 1794 3901 dieis,

992 3927 1128 3981 consulere
1144 3926 1207 3980 mitri
1224 3927 1333 3997 potero?
1348 3922 1404 3980 ntb
1420 3928 1546 3997 persequi
1563 3942 1613 3982 nos
1627 3928 1751 3994 desinas,
1766 3937 1796 3984 et

994 4015 1074 4073 iidem
1097 4018 1275 4088 apostolicam
1296 4016 1447 4085 snscinias;
1469 4016 1517 4087 qui
1535 4016 1544 4055 i
1563 4017 1614 4072 nisi
1639 4018 1749 4085 leceris,
1767 4028 1796 4073 at

141 4119 170 4166 ιιι
184 4112 222 4167 sis
237 4113 262 4165 in
281 4110 408 4166 omnibns
423 4110 572 4182 particeps.
591 4110 621 4165 st
640 4110 712 4164 enim
735 4110 774 4164 illi
794 4108 942 4180 propbetas
992 4127 1024 4168 es
1039 4126 1122 4177 nnnc,
1139 4127 1248 4183 semper
1263 4110 1372 4165 iuturus
1389 4112 1395 4161 i
1418 4112 1489 4165 inter
1505 4110 1577 4174 ilios,
1593 4111 1626 4166 ad
1644 4127 1713 4182 qnos
1728 4110 1796 4167 diei-

141 4203 341 4260 interemeront
357 4218 405 4258 cos
423 4203 467 4274 qni
485 4203 518 4257 tle
535 4202 654 4257 :nirenta
670 4202 854 4271 loquebantur
870 4201 940 4255 urrici
994 4215 1054 4261 tur:
1071 4204 1117 4260 l'rc
1131 4206 1212 4271 uobis,
1229 4204 1366 4260 Scriberet
1382 4203 1512 4260 errarunt
1525 4207 1680 4276 bqpocritoe,
1691 4208 1735 4277 qui
1750 4207 1796 4261 de-

140 4292 191 4350 Dei
203 4294 275 4361 Filii,
290 4304 317 4349 et
331 4304 358 4348 tu
369 4309 418 4348 cus
434 4292 563 4348 interlitis
576 4292 621 4363 qni
635 4292 690 4347 sint
705 4290 859 4357 eredentes,
871 4288 942 4345 sieut
992 4298 1096 4352 eiurari,
1120 4298 1250 4352 qrmrtram
1274 4307 1297 4350 et
1316 4298 1452 4362 anetimm,
1475 4308 1499 4352 et
1518 4298 1664 4369 eqrniaum,
1686 4308 1710 4351 et
1730 4298 1794 4352 reli·

140 4386 321 4445 credtDernnt
336 4386 486 4457 proptera.
501 4384 554 4440 Sed
570 4385 700 4456 qttarndiu
715 4384 749 4439 de
767 4380 809 4437 bis
822 4397 884 4438 oum
901 4383 943 4438 in-
992 4390 1154 4458 malensque
1171 4389 1293 4461 qratiam
1312 4400 1373 4443 sunt
1393 4389 1468 4457 leqis,
1483 4389 1629 4461 judicium,
1650 4400 1674 4444 et
1693 4390 1794 4444 mulceri·

141 4481 275 4537 credulo?
295 4497 355 4536 curn
375 4481 564 4552 pronosuerim
589 4479 634 4534 tibi
657 4479 842 4542 tttattilestare,
859 4492 941 4532 tinum
955 4472 983 4533 l)
995 4483 1123 4548 cordiam,
1143 4493 1167 4537 et
1189 4482 1268 4552 fidem
1280 4498 1289 4536 :
1303 4482 1359 4537 bara
1374 4482 1488 4550 oporlttt'l
1511 4485 1608 4554 facere,
1631 4491 1655 4535 et
1674 4483 1722 4536 illa
1743 4498 1795 4536 non

142 4580 170 4630 te
191 4588 252 4629 esse
274 4589 310 4628 ex
334 4574 398 4637 iliis,
416 4572 449 4627 ad
472 4587 540 4641 qnas
556 4570 624 4626 dicit
641 4571 770 4625 Drrrninns
783 4586 790 4622 :
804 4568 870 4624 ideo
884 4569 941 4623 dico

142 4664 224 4731 tobis,
240 4668 302 4735 quia
320 4669 452 4738 auferetur
472 4684 489 4719 a
507 4664 577 4718 cobis
595 4680 702 4735 requam
718 4662 777 4730 Dei,
793 4672 818 4718 et
838 4663 942 4717 dabitur

141 4761 211 4833 qemi
226 4760 331 4831 facienti
349 4760 465 4831 {ratetum
488 4763 543 4831 ejice
566 4757 852 4830 (iuramentisque
869 4759 942 4814 enim

177 4938 191 4967 ἰ
211 4927 282 4984 Dicit
296 4930 360 4985 iliis.
377 4929 465 4984 Vatic.

175 4999 190 5040 ¹²
214 5000 327 5058 Habeas.
358 5002 447 5057 Latin.
474 5008 504 5057 et
530 4997 655 5055 Galland.
683 5013 719 5052 ex
746 5009 827 5064 orara
855 4996 941 5050 inter·

161 5073 294 5127 erectione
308 5072 432 5140 decenti:
449 5086 512 5126 earn
528 5071 680 5140 legeretttr3
696 5068 729 5121 sit
744 5082 865 5138 reqnons,
882 5082 940 5120 rum

140 5086 223 5197 l'atre
237 5160 315 5197 anam
328 5143 422 5198 babere
435 5142 566 5195 deitatem.
582 5140 706 5208 domium
718 5151 771 5195 eto.

177 5224 190 5253 ι
212 5214 274 5281 Qui.
290 5214 342 5268 Til.
358 5216 473 5282 Qraoqrre.
486 5212 576 5267 Latin.
589 5223 616 5267 et
627 5209 752 5266 Galland.
765 5208 837 5263 band
849 5215 938 5274 recte;

140 5300 205 5342 nam
219 5299 317 5340 sensns
331 5293 392 5340 est:
408 5293 432 5337 et
446 5294 484 5349 tn,
498 5298 572 5354 quem
587 5282 747 5352 persequeris
760 5281 788 5335 in
798 5279 940 5334 dtitanmia

140 5372 242 5412 necnon
256 5366 281 5409 et
296 5356 421 5419 innubis,
438 5364 493 5409 ete.

180 5425 194 5465 ‘l
214 5426 294 5482 Vcrs.
309 5426 373 5482 Αιιι.
394 5424 492 5480 Vocare
506 5425 637 5478 itttitotos.

183 5496 295 5554 avers.
319 5502 382 5553 Αιιι.
405 5496 477 5551 llicit
500 5497 565 5550 alios
590 5510 676 5548 seruos
697 5507 806 5546 suos...
829 5502 853 5546 et
875 5494 946 5564 reqi-

145 5570 265 5626 rtctio....
282 5580 375 5640 parata
388 5577 495 5622 anan...
509 5566 560 5620 ille
575 5576 661 5620 antean
674 5578 766 5617 rea...
779 5572 804 5616 et
816 5562 946 5616 ciuitatem

144 5638 256 5697 illorum
270 5640 448 5694 currenda...
463 5638 529 5692 serti
549 5639 651 5709 ejas...
667 5649 754 5688 omnes
773 5642 860 5701 quotqt
871 5641 944 5688 on...

150 5702 249 5783 lauatio
259 5710 521 5765 discumbentium...
534 5708 618 5762 cidere
632 5705 734 5760 dice...
747 5705 945 5759 uestimenta...

995 4574 1132 4629 omittere:
1147 4574 1227 4627 duces
1242 4574 1457 4639 emendaremus
1472 4574 1592 4635 culicem,
1608 4573 1733 4628 camelum
1746 4590 1796 4628 aa·

994 4679 1044 4723 tem
1058 4666 1285 4737 contruqlatieater
1296 4664 1309 4703 ¹¹
1320 4663 1404 4738 (ibid.
1417 4680 1496 4729 xant,
1509 4664 1568 4737 ιδ).
1583 4664 1612 4720 Si
1626 4680 1680 4721 nott
1693 4674 1721 4720 tu
1738 4665 1796 4722 brec

996 4761 1078 4833 dique
1091 4761 1169 4817 audis
1183 4775 1245 4817 curn
1260 4759 1325 4825 iilis,
1342 4758 1388 4815 ubi
1403 4758 1558 4830 estinstum
1570 4759 1702 4831 judicium
1722 4760 1795 4831 quad

994 4934 1135 4981 certem...
1152 4923 1226 4980 Tenc
1236 4924 1321 4978 ιιι...
1337 4923 1413 4978 illum
1426 4931 1479 4979 ete.

1032 4993 1043 5034 ¹
1064 4994 1200 5050 Civitatem
1214 4994 1279 5063 legit
1293 4994 1358 5051 Sal).

1031 5065 1135 5121 tirrira
1159 5065 1232 5122 idem
1257 5063 1344 5120 Lucii.
1372 5062 1484 5121 latrasti
1507 5081 1560 5122 non
1583 5063 1679 5120 babeas
1700 5071 1795 5122 testem

994 5155 1030 5195 nn
1050 5148 1070 5191 ι.

1030 5156 1048 5248 l
1064 5208 1118 5264 Pro
1133 5208 1155 5262 si
1169 5205 1223 5262 Til.
1238 5216 1266 5263 et
1280 5206 1306 5263 ia
1320 5205 1418 5263 Corda.

1033 5282 1042 5317 ¹
1065 5280 1118 5336 Pro
1131 5277 1211 5349 quod.
1227 5279 1263 5334 l.a
1276 5278 1375 5335 seoda.

1034 5354 1042 5402 ι
1066 5348 1128 5405 Ειιι
1142 5352 1255 5422 suturas.
1270 5349 1322 5404 Til.

1032 5418 1297 5494 *Tranrqlntieates
1321 5418 1413 5474 Latin.
1436 5427 1467 5473 ut
1493 5417 1564 5475 idem
1590 5418 1679 5475 Lucil.
1710 5422 1794 5491 paulo

998 5491 1123 5553 tatertns,
1138 5505 1219 5546 averso
1241 5491 1324 5546 etiam
1340 5499 1427 5543 antem
1444 5488 1471 5542 in
1486 5497 1520 5543 et.
1534 5488 1638 5547 Verum
1659 5489 1703 5545 itio
1722 5494 1797 5548 ιιιιΙΙιι

997 5564 1148 5618 mutatione
1161 5561 1229 5616 iacta
1244 5560 1356 5629 legerim
1370 5558 1498 5626 equidem
1512 5559 1623 5618 divisim
1636 5571 1727 5619 contra
1738 5564 1798 5636 ultr·

999 5634 1099 5690 tientes.
1113 5630 1230 5688 Galand.
1243 5646 1298 5688 noar
1311 5630 1379 5685 satis
1391 5630 1473 5685 bene.
