3900 6134
161 219 214 275 bib
748 210 905 272 SANCTUS
926 209 1087 269 banosus
1105 209 1206 268 PAPA.
1759 217 1815 278 stt

162 333 200 389 lio
213 329 366 400 adfuerant,
381 329 525 389 Timotheo
538 327 737 391 utereturne,
749 325 958 383 ilelctiobntio·
972 329 997 388 li
1011 335 1075 381 turno
1088 324 1188 380 relatas
1202 333 1229 380 et
1240 325 1324 381 lectas
1338 324 1421 382 luisse
1435 333 1552 396 oportet.
1564 324 1599 383 bt
1613 342 1664 399 epo
1677 329 1723 385 uix
1735 342 1809 403 puto,

163 427 269 493 cltcno,
286 425 387 497 cyrillo
402 421 715 494 Hierosolymorum
730 418 874 486 Nectario,
891 431 960 488 quos
1011 426 1040 472 ut
1055 417 1180 473 iteratam
1194 427 1289 473 contra
1310 431 1357 472 eos
1376 417 1439 473 lidei
1461 419 1659 489 expositionem
1681 421 1811 482 Damasus

162 519 261 592 synodi
276 518 413 589 principes
428 515 512 571 luisse
525 516 580 583 ait,
596 513 649 569 illis
665 511 808 568 Damasum
823 518 961 581 postremo
1011 516 1075 566 tunc
1089 510 1168 566 condi
1181 510 1294 580 jusserit
1306 529 1313 564 r
1326 511 1369 566 cui
1379 509 1453 565 euim
1465 510 1538 567 bono
1551 511 1603 567 alia
1618 512 1681 570 lidci
1697 512 1810 573 formula

160 612 267 684 iungit,
283 610 377 665 eadem
392 624 444 664 oon
458 610 540 662 otulfo
554 616 610 679 port
624 606 838 674 confirmantem,
853 611 877 659 et
897 618 960 656 coo·
1011 603 1047 660 ab
1068 602 1283 671 tipollioarianis
1307 602 1505 659 subscribenda
1531 615 1591 674 post
1615 605 1709 674 illam,
1735 623 1813 678 quam

162 720 238 760 mnes
262 718 308 758 stto
329 702 556 775 comprobantem,
581 685 698 770 eumque
720 710 906 762 eonsensum,
932 706 963 755 ut
1011 691 1125 750 Paulino
1138 691 1310 749 Antiocheno
1325 708 1396 748 antro
1410 694 1466 751 d'lli
1481 697 1669 753 transmissam
1681 698 1813 772 diximus,

162 798 257 865 rides,
273 811 329 852 oon
343 811 377 852 or
392 795 467 852 nudo
488 804 593 852 mnium
616 793 725 850 silentio
748 798 960 864 presumptum.
1012 795 1094 858 atque
1106 787 1195 842 allatis
1210 787 1292 842 modo
1307 786 1398 842 serbis
1414 786 1528 843 lluiious
1547 798 1641 860 aperte
1661 795 1817 852 nientorati

164 891 213 949 sed
227 890 361 961 ejusmodi
376 899 509 960 preterea
529 888 613 945 luisse
633 885 756 958 judicat,
776 892 807 940 ut
826 899 858 940 ec
877 881 963 939 cnfido
1012 881 1092 937 Attno
1112 881 1203 952 itaque
1221 881 1274 937 37⁵
1294 881 1441 952 contigisse
1456 880 1509 937 boc
1527 881 1637 952 debuit,
1653 886 1726 957 quod
1742 887 1818 946 idem

162 995 185 1042 et
209 985 286 1056 firme
305 984 441 1050 renideret,
461 992 537 1039 certo
556 981 647 1054 aliquo
670 979 774 1035 scilicet
796 977 962 1033 documento
1013 976 1127 1032 liulittus
1145 976 1179 1030 ab
1201 974 1366 1046 Hieronymo
1387 976 1545 1043 audieerat,
1565 976 1720 1050 scriptoque
1735 979 1818 1036 dein·

162 1078 316 1144 munitum,
342 1090 374 1130 ae
396 1090 457 1130 cum
481 1073 596 1146 imperio
624 1079 651 1128 et
674 1078 807 1141 potestate
833 1067 963 1138 conjunc·
1013 1084 1079 1141 ceps
1093 1069 1278 1140 cornigerum
1293 1072 1426 1139 presbyter
1445 1078 1532 1123 steterat
1550 1068 1597 1124 iile
1614 1070 1815 1144 disertissimus,

163 1178 221 1225 tunt
235 1168 286 1236 io).
302 1166 359 1223 Etsi
373 1169 456 1239 iqn'tnr
469 1164 693 1238 vigilantissimus
707 1161 829 1234 pontifex
846 1160 964 1216 haereses
1013 1176 1068 1235 quo
1087 1161 1174 1216 amico
1193 1170 1221 1216 et
1239 1159 1402 1215 administro
1424 1161 1556 1217 Damasus
1580 1168 1644 1218 tunc
1667 1176 1732 1220 usus
1753 1176 1816 1235 est,

101 1316 108 1328 ,
164 1262 225 1319 illas
244 1273 324 1316 antea
345 1275 418 1331 snpe
438 1259 631 1324 damnaverat,
651 1255 781 1312 credibile
798 1263 886 1309 tamen
901 1261 961 1321 est,
1014 1257 1083 1313 alins
1097 1256 1177 1312 luerit
1195 1262 1304 1326 oportet
1322 1253 1357 1310 ab
1375 1253 1472 1310 eodem
1495 1255 1678 1329 llieronymo,
1698 1258 1745 1331 qui
1765 1275 1819 1317 nec

164 1355 258 1426 aliquo
271 1355 369 1411 iterum
385 1351 557 1423 solemnique
571 1350 691 1421 scripto,
712 1363 809 1423 noram
831 1349 901 1402 itanc
919 1346 962 1401 in·
1013 1351 1156 1421 presbyter
1181 1348 1236 1403 dici
1252 1356 1315 1403 tunc
1334 1345 1456 1421 poterat}‚
1476 1356 1507 1403 ut
1525 1347 1660 1416 vidimus,
1681 1351 1820 1417 achomr

164 1449 318 1518 victamqne
333 1444 451 1501 dedititia
470 1444 497 1498 in
516 1441 817 1513 Cottstnntinopolitano
833 1439 880 1495 iiio
897 1453 963 1494 con·
1014 1443 1122 1508 aberat,
1143 1454 1227 1513 soquc
1249 1439 1281 1495 ad
1301 1440 1476 1495 solitudinem
1502 1438 1642 1512 Syriacam
1664 1452 1817 1514 receperat.

164 1541 228 1597 cilio
248 1539 419 1611 dogmatibus
438 1539 492 1594 sim
507 1537 632 1593 conferre
647 1536 782 1602 voluisse,
810 1538 866 1590 tum
891 1531 963 1604 quoti
1014 1535 1150 1592 (lautorum
1163 1535 1263 1591 lactum
1275 1534 1368 1591 bludo
1385 1529 1482 1590 liuline
1496 1536 1610 1591 minime
1623 1537 1819 1610 excercitatum,

164 1647 196 1689 ea
220 1640 300 1688 orant
322 1629 499 1686 orientalium
519 1629 708 1700 episcoporum
723 1634 804 1692 tota,
820 1635 876 1681 tum
892 1623 963 1696 quod
1015 1631 1062 1686 sed
1086 1629 1194 1686 ceritati
1218 1638 1433 1685 consentaneum
1458 1643 1536 1697 esse,
1559 1628 1658 1700 confici
1678 1639 1768 1702 potest
1786 1647 1821 1688 cx

165 1732 227 1794 ll⁰⁵l
246 1722 458 1794 peremptorium
479 1721 531 1777 ¹¹⁰0
549 1717 794 1791 ⁸1³⁰⁸l0150³³⁸0ffl⁸
811 1716 963 1789 iudicium,
978 1711 1004 1773 Β
1017 1738 1083 1780 mss.
1099 1722 1162 1779 cod.
1179 1723 1207 1778 in
1226 1724 1298 1777 notis
1315 1725 1348 1777 ad
1362 1721 1424 1778 illos
1440 1722 1546 1791 priores
1565 1721 1599 1779 ati
1616 1722 1761 1780 Paulinum
1776 1724 1822 1780 lit·

166 1817 240 1874 nulla
264 1825 324 1873 erat
344 1816 461 1885 amplius
490 1813 689 1871 ilaeedonianis
720 1823 802 1884 atque
825 1811 966 1883 Apollina—
1017 1823 1089 1872 teras
1104 1829 1119 1869 a
1135 1829 1179 1871 me
1194 1812 1353 1886 productis,
1366 1812 1413 1886 qni
1426 1829 1486 1870 eam
1499 1828 1609 1882 roccio,
1624 1829 1678 1888 qua
1692 1817 1819 1888 impressi

166 1909 239 1967 aistis
255 1907 387 1964 euadendi
402 1922 476 1978 spes.
495 1906 564 1963 cum
585 1907 692 1978 itaque,
709 1916 737 1961 ut
758 1919 844 1976 nuper
863 1903 966 1960 tlictum
1017 1920 1126 1975 carent,
1141 1909 1294 1979 adjunctam
1311 1908 1422 1965 babent.
1520 1980 1523 1985 .

166 2016 181 2057 a
201 2017 245 2057 me
265 2002 332 2065 tuit,
348 1999 501 2057 otiositates
516 1999 577 2057 tttos
590 2014 606 2056 a
621 2015 651 2055 se
665 2007 804 2070 gestorum
820 1996 967 2053 contens·
1053 2003 1098 2059 ιιι.
1113 2002 1283 2070 ltotrteotus,
1298 2018 1332 2058 ex
1346 2011 1451 2059 vetusta
1466 2002 1593 2060 fraterna
1606 2018 1742 2060 moenum
1763 2005 1822 2061 cot-

46 2134 49 2139 ·
166 2096 271 2152 tionem
295 2094 449 2165 postulasse
468 2102 576 2150 constet
606 2091 704 2148 litteris
725 2107 772 2163 per
787 2092 891 2162 legatos
909 2088 968 2161 epi·
1018 2096 1135 2153 lectione
1156 2096 1337 2166 fragmentum
1359 2096 1488 2166 protulit,
1512 2095 1584 2167 quod
1609 2094 1768 2152 inscribitur
1789 2111 1823 2152 ec

167 2201 265 2257 scopos
283 2185 398 2241 llomant
413 2185 514 2251 allatis,
525 2184 658 2240 Damasus
675 2183 702 2240 id
717 2185 877 2252 prestitisse
889 2185 967 2240 ride·
1019 2189 1129 2244 corallo
1148 2189 1219 2242 erbis
1239 2187 1330 2243 liomoe
1341 2191 1386 2242 sal
1401 2187 1533 2254 flamoso,
1549 2189 1581 2243 tie
1593 2187 1822 2260 npiorotioneli-

169 2288 213 2335 tur
235 2281 260 2334 in
281 2278 440 2336 eorumdem
461 2276 573 2334 reditu:
596 2276 658 2332 illos
681 2276 814 2348 siquidem
838 2281 969 2335 abeuntes
1019 2281 1071 2335 dei.
1097 2279 1155 2336 lloc
1172 2278 1272 2350 duplici
1291 2289 1369 2351 parte
1387 2288 1504 2336 constat.
1524 2282 1620 2352 ligitur
1637 2282 1663 2336 in
1680 2280 1772 2352 priore
1790 2281 1823 2337 de

168 2374 229 2428 sine
252 2372 431 2443 responsione
455 2371 546 2442 aliqua
571 2384 604 2426 ac
623 2370 683 2426 sine
711 2369 771 2425 aliis
784 2369 818 2425 ad
841 2368 968 2426 Theodo-
1019 2374 1164 2445 septiformi
1178 2373 1288 2442 spiritu,
1301 2373 1344 2443 qni
1357 2374 1384 2427 in
1397 2371 1499 2428 Cbrirm
1512 2372 1667 2443 requiescit:
1684 2372 1710 2427 in
1729 2379 1822 2444 poste-

171 2465 241 2520 sium
264 2463 382 2530 litteris,
407 2463 506 2533 quibus
531 2463 633 2520 certior
659 2461 738 2518 beret
757 2461 791 2518 de
809 2461 968 2519 confirmata
1020 2463 1087 2520 riori
1103 2479 1168 2520 roro
1185 2463 1355 2534 multiformis
1380 2465 1514 2520 nominem
1537 2464 1633 2520 Citrirti
1655 2462 1823 2534 dispensatio

168 2555 286 2613 Nectarii
308 2556 498 2619 ordinatione.
521 2555 556 2610 ab
579 2570 613 2612 eo
628 2555 756 2626 pontifice
771 2553 854 2612 fuisse
875 2554 969 2611 dimis-
1021 2558 1183 2629 explicatum
1209 2571 1325 2627 eamque
1347 2557 1369 2611 si
1396 2557 1457 2627 quis
1475 2558 1599 2612 coolerot
1617 2570 1679 2612 cum
1699 2555 1824 2614 carmine

170 2664 216 2706 sos
234 2664 315 2706 nemo
330 2650 448 2718 dixerit,
464 2665 544 2721 quem
560 2650 587 2705 in
618 2647 810 2720 respondendo
832 2646 971 2720 syrtodirit
1021 2659 1114 2715 sento,
1129 2649 1308 2732 observetque
1321 2648 1354 2704 iis
1367 2647 1489 2705 uersibus
1500 2649 1620 2720 pressius
1635 2647 1737 2720 repeti,
1749 2647 1823 2719 quoti

168 2744 414 2800 consultationibus
428 2741 665 2813 diligentissimum
680 2741 763 2797 luisse
775 2747 897 2804 constat,
914 2749 970 2799 tum
1022 2742 1141 2800 uberiori
1155 2742 1260 2798 calamo
1269 2741 1366 2798 eodem
1377 2740 1527 2812 fragmento
1539 2740 1582 2797 iric
1593 2753 1750 2812 expressum
1762 2739 1822 2796 loe·

169 2853 204 2895 ex
226 2839 259 2895 iis
280 2854 342 2910 quae
363 2847 510 2908 supersunt
529 2836 644 2902 litteris,
668 2842 725 2890 tum
740 2849 806 2889 sero
820 2848 853 2889 ex
872 2832 970 2889 lliero·
1021 2847 1085 2907 ιιι,
1105 2838 1182 2894 lacile
1200 2837 1351 2904 concedet,
1366 2847 1512 2908 utrumque
1535 2837 1629 2894 lostum
1650 2836 1729 2892 unito
1746 2834 1823 2901 eius·

169 2933 262 3004 osmi.
278 2930 355 3002 etius
369 2943 451 3002 opera
467 2926 606 2994 uastatur,
623 2927 788 2983 testimonio.
807 2924 881 2981 llam
905 2938 971 2980 vero
1022 2932 1138 3002 dentque
1150 2931 1269 2986 auctoris
1281 2928 1480 2997 eseqoamest
1494 2943 1608 3001 crotopi,
1622 2929 1699 2999 eujus
1712 2927 1825 2985 nomine
1900 2930 1903 2935 ·

169 3034 234 3095 puto
260 3022 344 3079 luisse
373 3035 481 3081 causam
503 3034 551 3075 cur
579 3019 650 3075 idem
679 3017 808 3089 pontifex,
834 3015 971 3074 lladriano
1022 3026 1168 3095 inscriptus
1188 3033 1239 3080 est.

171 3126 259 3183 teste,
286 3115 334 3186 qui
360 3114 499 3171 basilicam
524 3112 553 3169 S.
579 3109 719 3168 Laurentii
737 3111 818 3181 longo
841 3118 901 3180 post
925 3111 1006 3183 inc
1060 3117 1178 3187 Utraque
1196 3131 1262 3174 vero
1280 3115 1402 3188 ejusdem
1423 3131 1486 3188 pars
1520 3114 1683 3173 bonomium
1710 3115 1825 3187 eiusque

169 3209 285 3267 terrollo
309 3194 454 3278 repararit,
474 3202 804 3274 Getristantinopolitanum
815 3201 867 3258 boc
879 3201 971 3260 conci·
1023 3211 1141 3266 ateociss
1155 3211 1264 3280 respicit
1280 3228 1286 3263 :
1303 3225 1364 3264 nant
1380 3217 1436 3264 uta
1452 3213 1587 3279 postrema
1606 3208 1746 3279 incipiant,
1761 3223 1824 3263 curn

171 3304 237 3361 lium
260 3305 361 3375 illium
383 3307 606 3370 representatum
627 3296 660 3352 Μ
684 3305 808 3367 ll⁰⁸¹0f⁰s
828 3297 854 3351 ⁵¹¹
874 3294 971 3351 ‘ladem
1023 3319 1057 3359 cx
1074 3303 1267 3374 multiplicibus
1280 3303 1314 3358 iis
1329 3302 1483 3358 nominibus
1497 3300 1694 3371 biaspltcmlllll
1707 3303 1827 3355 coniice-

172 3397 318 3455 trensutitti
333 3395 448 3453 voluterit
461 3393 517 3465 (b),
533 3407 587 3463 quo
606 3390 705 3446 deinde
724 3386 849 3461 exemplo
869 3388 972 3444 Coeies-
1024 3404 1085 3451 rettt
1099 3393 1236 3451 Cbristttm
1252 3394 1393 3450 [lominum
1409 3394 1540 3450 lucturam
1553 3402 1739 3448 etcreatttrsm
1749 3406 1823 3458 esse,

171 3493 244 3549 tinus
257 3489 387 3547 noSistus
400 3486 567 3559 sspltesinum
582 3483 608 3539 in
620 3480 780 3546 hiberione.
793 3479 972 3551 Lesboque·
1023 3489 1147 3546 catholici
1162 3496 1281 3545 econtra
1295 3487 1390 3543 Patres
1402 3488 1433 3542 iis
1445 3486 1597 3554 utebantur,
1609 3485 1689 3541 utrei
1701 3484 1826 3543 merlinc

172 3579 394 3638 chalcedonense
415 3579 442 3637 in
458 3576 587 3633 Vaticana
607 3580 801 3645 expresserunt
816 3569 864 3643 (e).
882 3572 972 3642 Atque
1023 3581 1083 3652 ejus
1098 3596 1161 3652 erga
1175 3595 1225 3636 nos
1238 3578 1451 3635 misericordiam
1462 3578 1673 3636 ostendereotet
1685 3591 1828 3632 commen·

171 3673 230 3731 tec
245 3683 327 3740 sont,
341 3687 402 3744 qua
416 3673 443 3727 in
459 3670 581 3727 nomano
596 3668 648 3723 too
661 3666 779 3725 concilio
797 3665 869 3724 circa
891 3665 971 3721 tuem
1024 3676 1131 3735 noent.
1148 3671 1422 3744 ‹poouaptneouttgt
1439 3679 1569 3742 potestas
1580 3669 1713 3729 cernitu
1729 3670 1827 3725 ttuou

170 3766 293 3824 confecta
313 3763 396 3821 rideri
416 3769 541 3834 possunt.
1023 3766 1057 3823 ad
1076 3765 1201 3830 Arianos,
1217 3781 1232 3821 a
1247 3767 1344 3835 quibus
1355 3765 1379 3821 is
1392 3764 1425 3820 ed
1440 3766 1624 3821 Serniarianos
1639 3764 1825 3820 transirernta

209 3857 241 3913 il.
264 3852 454 3913 'lillemontius
476 3860 566 3909 actum
588 3858 719 3922 preterca
739 3848 823 3905 luisse
843 3857 918 3920 putat
937 3846 982 3904 de,
1026 3858 1101 3927 Quod
1121 3864 1228 3929 potent,
1245 3857 1284 3913 ait
1297 3857 1360 3924 ille,
1376 3875 1403 3914 ee
1418 3874 1466 3928 pro
1478 3872 1572 3929 mopso
1591 3857 1623 3912 ιιι
1640 3855 1735 3911 meiat.
1750 3855 1827 3912 sm.

175 3946 386 4021 Apollinariaois
400 3944 435 4000 ab
456 3943 579 4000 Ecclesia
601 3940 782 4012 recipiendis:
802 3953 918 4013 cumque
937 3954 971 3999 es
1025 3952 1108 4022 pteris
1119 3950 1246 4021 proferre,
1262 3959 1290 4004 ut
1303 3950 1390 4004 dicent
1401 3940 1675 4019 cbrirtmn'soetarent
1687 3956 1712 4002 ιι
1724 3957 1827 4002 aaut..

172 4043 300 4101 maodato
316 4054 392 4111 papae
408 4037 589 4109 ilierouymtts
604 4033 796 4091 clincinnasset
809 4030 972 4102 fortunium,
1024 4061 1099 4112 ram,
1119 4060 1133 4100 ι
1154 4045 1284 4098 contrario
1307 4059 1355 4099 ηις
1379 4040 1519 4099 secondom
1540 4040 1692 4109 scriptores
1713 4038 1826 4097 dimotae

172 4135 217 4192 cui
227 4131 349 4191 baeretici
361 4131 397 4189 iiii
408 4129 537 4201 deinceps
545 4127 716 4183 subscribere
724 4125 973 4198 supersolantltud
1031 4135 1122 4202 Vbnt,
1138 4146 1161 4190 et
1180 4134 1311 4201 innuunt,
1327 4146 1350 4190 et
1363 4134 1489 4204 Lapidem
1507 4132 1672 4200 offensionis,
1683 4142 1708 4187 et
1719 4130 1826 4187 Petroni

173 4224 411 4297 contigisseqnod
423 4221 510 4278 littiini
521 4219 610 4276 uerbis
621 4219 665 4276 ltic
676 4217 777 4279 referre
790 4226 909 4287 prostat:
918 4214 974 4273 Do·
1025 4229 1153 4296 impiati,
1168 4238 1192 4284 et
1203 4228 1422 4296 Fundamentum,
1435 4241 1458 4282 et
1471 4226 1623 4290 Bromium,
1636 4234 1660 4280 et
1669 4223 1791 4290 nouom,
1802 4234 1827 4280 et

173 4336 263 4374 motor
275 4319 410 4390 episcopua
424 4330 484 4371 cem
496 4315 528 4369 de
542 4311 696 4381 recipiendis
710 4310 915 4382 Apoliiocriooir
927 4309 976 4372 tie·v
1026 4319 1198 4392 septentiam,
1214 4330 1238 4375 ιι
1259 4318 1379 4387 vertum,
1394 4329 1418 4374 et
1430 4320 1541 4391 Aquam,
1553 4327 1578 4373 et
1595 4315 1685 4384 ocem,
1696 4325 1719 4372 et
1733 4315 1827 4372 Poste.

92 4394 96 4408 ⁸
174 4409 292 4469 liberatio
313 4408 458 4475 inbuatur,
482 4404 618 4460 editionem
638 4402 817 4457 ecclesiastice
839 4401 912 4471 fitiei,
933 4399 975 4457 cati
1004 4428 1094 4480 prem,
1113 4422 1137 4468 pc
1153 4411 1335 4476 sacerdotem,
1352 4421 1377 4468 ec
1394 4410 1493 4479 vitem,
1505 4421 1529 4467 ιι
1543 4407 1636 4475 Diem,
1655 4409 1742 4466 stolio
1755 4426 1765 4464 ,-
1779 4409 1826 4466 esd

173 4503 253 4559 iidem
272 4500 396 4565 editioni,
412 4499 434 4554 si
451 4495 575 4552 Ecclesio‘
590 4495 668 4571 junqi
687 4493 798 4559 ceileot,
814 4492 973 4547 subscribere
985 4511 1014 4579 1)
1025 4503 1081 4560 tipo
1103 4505 1188 4560 omnio
1203 4504 1240 4557 sie
1254 4502 1434 4574 inofficiatur,
1456 4513 1479 4557 et
1493 4503 1617 4569 dicimus,
1629 4512 1657 4557 ιιι
1670 4503 1789 4567 situla,
1804 4510 1828 4559 el

176 4596 310 4664 deberem,
327 4593 535 4651 comeribeotiom
552 4589 682 4644 mandavl'i
702 4588 787 4642 timl'co
805 4602 852 4640 illo
870 4586 976 4656 presby·
1028 4597 1188 4668 operationes
1206 4594 1256 4665 filii
1268 4594 1317 4650 Dei
1331 4595 1522 4667 {illaudatum
1534 4609 1586 4649 non
1603 4603 1631 4648 m
1644 4593 1757 4650 divinam
1772 4599 1829 4662 ψη

176 4698 242 4756 tero,
258 4691 313 4744 uiro
328 4686 508 4751 firmimitate,
523 4683 568 4755 qai
579 4683 627 4736 ltoc
651 4681 691 4736 ilii
710 4681 839 4752 ceponium
854 4694 887 4733 ea
904 4694 976 4735 more
1029 4704 1060 4743 a
1075 4687 1151 4743 iletre
1169 4688 1326 4744 actioitotem
1340 4703 1519 4758 comparentur
1533 4686 1578 4758 (e).
1599 4685 1695 4745 tactas
1716 4687 1778 4743 illas
1798 4700 1830 4742 ac

177 4781 347 4854 procurabat,
363 4777 534 4832 necessarium
547 4776 629 4857 uirum
645 4783 681 4827 ιιι
695 4773 722 4829 itt
736 4774 793 4844 ipro
811 4772 923 4827 editione
943 4770 975 4826 dc
1029 4777 1192 4848 mititiplicos
1214 4779 1423 4847 appellationes,
1444 4778 1542 4848 quibus
1554 4775 1679 4833 cbristus
1695 4775 1829 4833 Dominus

176 4872 361 4934 incarnatione
379 4883 502 4930 1³0¹th
516 4880 661 4923 ⁰0¹1l¹011¹
676 4866 746 4920 dici:
761 4862 853 4932 offensi
872 4873 932 4922 sont
947 4865 975 4921 in
1028 4868 1184 4940 designatus
1199 4870 1305 4941 legitor,
1322 4871 1380 4941 ipse
1392 4872 1473 4949 eliam
1485 4869 1655 4932 danbrosius,
1668 4867 1783 4925 Basilius
1795 4882 1829 4926 ac

176 4967 226 5023 icc
239 4979 355 5022 serotone
367 4960 585 5037 Apollinarietoe:
604 4960 739 5012 nouitatem
759 4957 884 5012 urbionis
903 4959 977 5012 locs·
1027 4962 1213 5020 liaeiaumnus
1224 4977 1297 5032 saepc
1309 4961 1450 5030 aditibcnt,
1464 4961 1560 5033 quibos
1570 4960 1756 5032 operationum
1767 4958 1829 5030 ejus

177 5079 236 5119 rore
249 5067 380 5132 ceperum
406 5054 458 5128 (d).
480 5052 565 5110 Nemo
581 5050 703 5123 prolecto
718 5051 857 5122 tteqavcrit
870 5053 934 5122 quin
950 5052 978 5108 itt
1029 5058 1188 5112 varietatem
1209 5050 1440 5125 tttultiplicemq'uo
1466 5053 1669 5111 beneficentiam
1692 5051 1831 5124 indigitant

178 5153 302 5211 ilomano
317 5148 369 5205 boc
384 5145 500 5203 conscilio
514 5144 557 5215 aqi
571 5157 665 5199 rursus
685 5143 800 5215 potuerit
820 5143 853 5199 de
873 5144 978 5217 ilpolli·
1029 5146 1105 5202 ritant
1123 5147 1409 5217 dispensationemque
1430 5147 1526 5219 ipsius,
1541 5161 1574 5205 ac
1587 5145 1736 5205 serraturis
1750 5145 1831 5206 ntei-

179 5245 315 5312 ttarianis,
335 5238 478 5297 occasione
496 5234 804 5305 Cottstantinopolitanae
822 5234 937 5306 synodi,
963 5249 978 5289 a
1031 5242 1142 5298 amrium
1156 5255 1209 5295 non
1223 5248 1358 5295 eoactum.

179 5350 231 5406 qua
258 5333 378 5391 damuati
401 5326 525 5401 lucrant,
551 5325 664 5399 cujusve
690 5323 862 5393 definitiones
886 5325 980 5389 dome
1068 5333 1128 5400 Quo
1151 5347 1217 5388 vero
1236 5332 1269 5387 ad
1287 5333 1407 5404 priorem
1426 5331 1548 5404 eiusdem
1570 5330 1832 5405 lraqmcnlipertem

217 5489 256 5562 (ιι)
271 5484 316 5556 oie
335 5490 463 5554 riseritis
483 5483 578 5562 χρόνος
599 5485 721 5560 Δάμασος
741 5482 755 5543 ὅ
775 5492 821 5546 eie
834 5480 929 5558 ‘Pistam
947 5485 980 5547 τά
1033 5486 1112 5558 Mag„
1128 5502 1188 5557 pag.
1205 5485 1285 5544 liii.

181 5558 249 5628 ιιύῐὰ
261 5564 391 5638 κρατύνων
408 5563 557 5638 ἐγνωριζιτο
571 5560 720 5634 σύμφωνος,
736 5563 796 5639 τοῖς1
817 5556 978 5633 προλαβοῦσι
1069 5562 1105 5682 i?
1121 5558 1180 5612 llid.
1196 5558 1307 5614 Blattclt.
1323 5565 1380 5617 nbi.
1395 5557 1428 5617 nti
1441 5557 1511 5617 Slxl.
1531 5559 1560 5616 d.

180 5630 375 5705 ιιιθιιτᾱμιις.
765 5697 772 5713 ι
1067 5632 1077 5701 i
1121 5629 1326 5712 iliorumbpoi.
1339 5631 1373 5698 b,
1386 5644 1447 5700 cap.
1459 5629 1508 5688 ab.

219 5708 257 5785 (i)
279 5708 364 5763 Cone.
378 5703 450 5762 ico.
470 5702 535 5760 edit.
555 5711 623 5759 tom.
645 5700 705 5761 illl
730 5706 810 5776 eptst.
832 5697 865 5756 ad
885 5695 976 5762 Carol-
1067 5638 1108 5771 (ιῖ
1123 5697 1202 5772 bpud
1215 5700 1300 5763 litter.
1314 5699 1448 5777 Ιιιμι,
1461 5701 1528 5768 ier.
1540 5704 1607 5770 edit.
