<?xml version="1.0" encoding="UTF-8"?>
<!DOCTYPE html PUBLIC "-//W3C//DTD XHTML 1.0 Transitional//EN"
    "http://www.w3.org/TR/xhtml1/DTD/xhtml1-transitional.dtd">
<html xmlns="http://www.w3.org/1999/xhtml" xml:lang="en" lang="en">
 <head>
  <title>
</title>
<meta http-equiv="Content-Type" content="text/html;charset=utf-8" />
  <meta name='ocr-system' content='tesseract 3.04.00' />
  <meta name='ocr-capabilities' content='ocr_page ocr_carea ocr_par ocr_line ocrx_word'/>
</head>
<body>
  <div class='ocr_page' id='page_1' title='image "./patrologiaecurs39unkngoog_0359.png"; bbox 0 0 3900 6134; ppageno 0'>
   <div class='ocr_carea' id='block_1_1' title="bbox 195 232 1849 296">
    <p class='ocr_par' dir='ltr' id='par_1_1' title="bbox 195 232 1849 296">
     <span class='ocr_line' id='line_1_1' title="bbox 195 232 1849 296; baseline -0.004 -1"><span class='ocrx_word' id='word_1_1' title='bbox 195 237 250 296; x_wconf 76' lang='grc' dir='ltr'><strong><em>7θό</em></strong></span> <span class='ocrx_word' id='word_1_2' title='bbox 698 233 849 295; x_wconf 69' lang='lat' dir='ltr'><strong><em>Lucrinis</em></strong></span> <span class='ocrx_word' id='word_1_3' title='bbox 867 232 1057 292; x_wconf 81' lang='lat' dir='ltr'><strong><em>EPiSCOPUS</em></strong></span> <span class='ocrx_word' id='word_1_4' title='bbox 1077 232 1331 292; x_wconf 76' lang='lat' dir='ltr'><strong><em>cstiutnntttls.</em></strong></span> <span class='ocrx_word' id='word_1_5' title='bbox 1793 232 1849 289; x_wconf 87' lang='lat' dir='ltr'><strong><em>&#39;iili</em></strong></span> 
     </span>
    </p>
   </div>
   <div class='ocr_carea' id='block_1_2' title="bbox 195 344 1882 5799">
    <p class='ocr_par' dir='ltr' id='par_1_2' title="bbox 195 344 1882 5799">
     <span class='ocr_line' id='line_1_2' title="bbox 195 344 1849 421; baseline 0.001 -16"><span class='ocrx_word' id='word_1_6' title='bbox 195 356 255 406; x_wconf 75' lang='lat' dir='ltr'><strong><em>sunt</em></strong></span> <span class='ocrx_word' id='word_1_7' title='bbox 265 347 363 420; x_wconf 88' lang='lat' dir='ltr'><strong><em>scripta</em></strong></span> <span class='ocrx_word' id='word_1_8' title='bbox 377 344 555 421; x_wconf 69' lang='lat' dir='ltr'><strong><em>Luciferiana,</em></strong></span> <span class='ocrx_word' id='word_1_9' title='bbox 569 346 622 403; x_wconf 90' lang='lat' dir='ltr'><strong><em>sine</em></strong></span> <span class='ocrx_word' id='word_1_10' title='bbox 644 362 705 402; x_wconf 90' lang='lat' dir='ltr'><strong><em>cum</em></strong></span> <span class='ocrx_word' id='word_1_11' title='bbox 725 348 936 419; x_wconf 72' lang='lat' dir='ltr'><strong><em>interpretatione</em></strong></span> <span class='ocrx_word' id='word_1_12' title='bbox 955 363 995 402; x_wconf 91' lang='lat' dir='ltr'><strong><em>se·</em></strong></span> <span class='ocrx_word' id='word_1_13' title='bbox 1010 346 1036 409; x_wconf 78' lang='grc' dir='ltr'><strong>Δ</strong></span> <span class='ocrx_word' id='word_1_14' title='bbox 1049 346 1176 403; x_wconf 88' lang='lat' dir='ltr'><strong><em>mendum</em></strong></span> <span class='ocrx_word' id='word_1_15' title='bbox 1188 347 1299 417; x_wconf 82' lang='lat' dir='ltr'><strong><em>irrepsit</em></strong></span> <span class='ocrx_word' id='word_1_16' title='bbox 1314 365 1321 402; x_wconf 76' lang='grc' dir='ltr'><strong><em>ε</em></strong></span> <span class='ocrx_word' id='word_1_17' title='bbox 1338 346 1480 404; x_wconf 82' lang='lat' dir='ltr'><strong><em>Ortamest</em></strong></span> <span class='ocrx_word' id='word_1_18' title='bbox 1495 356 1594 413; x_wconf 88' lang='lat' dir='ltr'><strong><em>autem,</em></strong></span> <span class='ocrx_word' id='word_1_19' title='bbox 1606 348 1692 421; x_wconf 78' lang='lat' dir='ltr'><strong><em>incinit</em></strong></span> <span class='ocrx_word' id='word_1_20' title='bbox 1703 348 1803 406; x_wconf 88' lang='lat' dir='ltr'><strong><em>liiilius</em></strong></span> <span class='ocrx_word' id='word_1_21' title='bbox 1820 350 1849 406; x_wconf 91' lang='lat' dir='ltr'><strong><em>in</em></strong></span> 
     </span>
     <span class='ocr_line' id='line_1_3' title="bbox 197 439 1851 516; baseline 0.001 -19"><span class='ocrx_word' id='word_1_22' title='bbox 197 441 426 516; x_wconf 80' lang='lat' dir='ltr'><strong><em>ptriagintariraii,</em></strong></span> <span class='ocrx_word' id='word_1_23' title='bbox 438 442 489 497; x_wconf 87' lang='lat' dir='ltr'><strong><em>sine</em></strong></span> <span class='ocrx_word' id='word_1_24' title='bbox 511 457 571 496; x_wconf 81' lang='lat' dir='ltr'><strong><em>cem</em></strong></span> <span class='ocrx_word' id='word_1_25' title='bbox 584 450 654 497; x_wconf 79' lang='lat' dir='ltr'><strong><em>tectu</em></strong></span> <span class='ocrx_word' id='word_1_26' title='bbox 672 439 741 497; x_wconf 85' lang='lat' dir='ltr'><strong><em>Noni</em></strong></span> <span class='ocrx_word' id='word_1_27' title='bbox 764 441 921 497; x_wconf 73' lang='lat' dir='ltr'><strong><em>Testamenti</em></strong></span> <span class='ocrx_word' id='word_1_28' title='bbox 935 457 997 496; x_wconf 91' lang='lat' dir='ltr'><strong><em>con·</em></strong></span> <span class='ocrx_word' id='word_1_29' title='bbox 1049 441 1156 513; x_wconf 86' lang='lat' dir='ltr'><strong><em>Prolcg.</em></strong></span> <span class='ocrx_word' id='word_1_30' title='bbox 1171 458 1246 498; x_wconf 88' lang='lat' dir='ltr'><strong><em>num.</em></strong></span> <span class='ocrx_word' id='word_1_31' title='bbox 1260 443 1324 509; x_wconf 77' lang='lat' dir='ltr'><strong><em>tlt,</em></strong></span> <span class='ocrx_word' id='word_1_32' title='bbox 1336 443 1366 499; x_wconf 86' lang='grc' dir='ltr'><strong><em>εθ</em></strong></span> <span class='ocrx_word' id='word_1_33' title='bbox 1378 442 1478 497; x_wconf 88' lang='lat' dir='ltr'><strong><em>neuiini</em></strong></span> <span class='ocrx_word' id='word_1_34' title='bbox 1492 444 1691 499; x_wconf 74' lang='lat' dir='ltr'><strong><em>consenseritis</em></strong></span> <span class='ocrx_word' id='word_1_35' title='bbox 1706 459 1739 498; x_wconf 79' lang='lat' dir='ltr'><strong><em>es</em></strong></span> <span class='ocrx_word' id='word_1_36' title='bbox 1756 460 1851 514; x_wconf 77' lang='lat' dir='ltr'><strong><em>perpe-</em></strong></span> 
     </span>
     <span class='ocr_line' id='line_1_4' title="bbox 199 530 1850 610; baseline -0.001 -19"><span class='ocrx_word' id='word_1_37' title='bbox 199 536 351 607; x_wconf 77' lang='lat' dir='ltr'><strong><em>ferrerttar,·</em></strong></span> <span class='ocrx_word' id='word_1_38' title='bbox 365 533 430 590; x_wconf 89' lang='lat' dir='ltr'><strong><em>eoin</em></strong></span> <span class='ocrx_word' id='word_1_39' title='bbox 441 534 533 605; x_wconf 87' lang='lat' dir='ltr'><strong><em>primis</em></strong></span> <span class='ocrx_word' id='word_1_40' title='bbox 545 535 649 591; x_wconf 84' lang='lat' dir='ltr'><strong><em>nomine</em></strong></span> <span class='ocrx_word' id='word_1_41' title='bbox 659 534 727 607; x_wconf 81' lang='lat' dir='ltr'><strong><em>qnod</em></strong></span> <span class='ocrx_word' id='word_1_42' title='bbox 742 538 848 607; x_wconf 80' lang='lat' dir='ltr'><strong><em>antipae</em></strong></span> <span class='ocrx_word' id='word_1_43' title='bbox 858 535 905 590; x_wconf 89' lang='lat' dir='ltr'><strong><em>illa</em></strong></span> <span class='ocrx_word' id='word_1_44' title='bbox 915 535 998 591; x_wconf 83' lang='lat' dir='ltr'><strong><em>tersio</em></strong></span> <span class='ocrx_word' id='word_1_45' title='bbox 1048 548 1103 586; x_wconf 88' lang='lat' dir='ltr'><strong><em>rain</em></strong></span> <span class='ocrx_word' id='word_1_46' title='bbox 1118 532 1254 601; x_wconf 72' lang='lat' dir='ltr'><strong><em>descriptis</em></strong></span> <span class='ocrx_word' id='word_1_47' title='bbox 1269 530 1378 598; x_wconf 79' lang='lat' dir='ltr'><strong><em>Grecis,</em></strong></span> <span class='ocrx_word' id='word_1_48' title='bbox 1399 535 1439 596; x_wconf 76' lang='grc' dir='ltr'><strong><em>τίς</em></strong></span> <span class='ocrx_word' id='word_1_49' title='bbox 1453 533 1572 606; x_wconf 69' lang='grc' dir='ltr'>ἀνέκοψεν</span> <span class='ocrx_word' id='word_1_50' title='bbox 1586 534 1658 606; x_wconf 79' lang='grc' dir='ltr'><strong><em>ὑμᾶς</em></strong></span> <span class='ocrx_word' id='word_1_51' title='bbox 1675 534 1780 610; x_wconf 73' lang='grc' dir='ltr'>ἀληθείᾳ</span> <span class='ocrx_word' id='word_1_52' title='bbox 1791 551 1800 600; x_wconf 73' lang='lat'>3</span> <span class='ocrx_word' id='word_1_53' title='bbox 1812 540 1850 606; x_wconf 80' lang='lat' dir='ltr'><strong><em>pi</em></strong></span> 
     </span>
     <span class='ocr_line' id='line_1_5' title="bbox 197 623 1852 700; baseline -0.002 -18"><span class='ocrx_word' id='word_1_54' title='bbox 197 626 301 695; x_wconf 85' lang='lat' dir='ltr'><strong><em>Latina,</em></strong></span> <span class='ocrx_word' id='word_1_55' title='bbox 314 626 348 680; x_wconf 90' lang='lat' dir='ltr'><strong><em>ad</em></strong></span> <span class='ocrx_word' id='word_1_56' title='bbox 359 625 439 682; x_wconf 79' lang='lat' dir='ltr'><strong><em>tidros</em></strong></span> <span class='ocrx_word' id='word_1_57' title='bbox 452 627 522 697; x_wconf 80' lang='lat' dir='ltr'><strong><em>pund</em></strong></span> <span class='ocrx_word' id='word_1_58' title='bbox 533 629 626 683; x_wconf 80' lang='lat' dir='ltr'><strong><em>attinet</em></strong></span> <span class='ocrx_word' id='word_1_59' title='bbox 637 628 730 683; x_wconf 82' lang='lat' dir='ltr'><strong><em>veteris</em></strong></span> <span class='ocrx_word' id='word_1_60' title='bbox 742 626 871 695; x_wconf 82' lang='lat' dir='ltr'><strong><em>i&#39;tederis,</em></strong></span> <span class='ocrx_word' id='word_1_61' title='bbox 883 628 919 682; x_wconf 89' lang='lat' dir='ltr'><strong><em>ad</em></strong></span> <span class='ocrx_word' id='word_1_62' title='bbox 931 627 997 700; x_wconf 89' lang='lat' dir='ltr'><strong><em>Sep·</em></strong></span> <span class='ocrx_word' id='word_1_63' title='bbox 1049 626 1175 681; x_wconf 73' lang='grc' dir='ltr'>πείθεσθε.</span> <span class='ocrx_word' id='word_1_64' title='bbox 1202 623 1269 692; x_wconf 83' lang='lat' dir='ltr'><strong><em>Qniis</em></strong></span> <span class='ocrx_word' id='word_1_65' title='bbox 1283 638 1333 678; x_wconf 84' lang='lat' dir='ltr'><strong><em>nos</em></strong></span> <span class='ocrx_word' id='word_1_66' title='bbox 1345 623 1475 688; x_wconf 78' lang='lat' dir='ltr'><strong><em>abscidit,</em></strong></span> <span class='ocrx_word' id='word_1_67' title='bbox 1490 640 1534 676; x_wconf 87' lang='lat' dir='ltr'><strong><em>sen</em></strong></span> <span class='ocrx_word' id='word_1_68' title='bbox 1549 623 1649 679; x_wconf 79' lang='lat' dir='ltr'><strong><em>excidit</em></strong></span> <span class='ocrx_word' id='word_1_69' title='bbox 1659 624 1695 681; x_wconf 90' lang='lat' dir='ltr'><strong><em>de</em></strong></span> <span class='ocrx_word' id='word_1_70' title='bbox 1710 628 1826 680; x_wconf 78' lang='lat' dir='ltr'><strong><em>veritate</em></strong></span> <span class='ocrx_word' id='word_1_71' title='bbox 1839 625 1852 680; x_wconf 81' lang='lat' dir='ltr'><strong><em>l</em></strong></span> 
     </span>
     <span class='ocr_line' id='line_1_6' title="bbox 196 713 1852 790; baseline -0.003 -15"><span class='ocrx_word' id='word_1_72' title='bbox 196 719 315 790; x_wconf 82' lang='lat' dir='ltr'><strong><em>mapinta</em></strong></span> <span class='ocrx_word' id='word_1_73' title='bbox 326 734 416 773; x_wconf 88' lang='lat' dir='ltr'><strong><em>senam</em></strong></span> <span class='ocrx_word' id='word_1_74' title='bbox 431 718 569 789; x_wconf 86' lang='lat' dir='ltr'><strong><em>editionem</em></strong></span> <span class='ocrx_word' id='word_1_75' title='bbox 583 729 674 774; x_wconf 80' lang='lat' dir='ltr'><strong><em>coacta</em></strong></span> <span class='ocrx_word' id='word_1_76' title='bbox 686 730 817 774; x_wconf 87' lang='lat' dir='ltr'><strong><em>noscotrtr.</em></strong></span> <span class='ocrx_word' id='word_1_77' title='bbox 831 717 884 775; x_wconf 82' lang='lat' dir='ltr'><strong><em>Sed</em></strong></span> <span class='ocrx_word' id='word_1_78' title='bbox 900 719 922 773; x_wconf 92' lang='lat' dir='ltr'><strong><em>is</em></strong></span> <span class='ocrx_word' id='word_1_79' title='bbox 933 733 997 789; x_wconf 89' lang='lat' dir='ltr'><strong><em>pro·</em></strong></span> <span class='ocrx_word' id='word_1_80' title='bbox 1050 730 1085 770; x_wconf 89' lang='lat' dir='ltr'><strong><em>tte</em></strong></span> <span class='ocrx_word' id='word_1_81' title='bbox 1109 715 1315 770; x_wconf 84' lang='lat' dir='ltr'><strong><em>consenseritis.</em></strong></span> <span class='ocrx_word' id='word_1_82' title='bbox 1345 713 1441 768; x_wconf 78' lang='lat' dir='ltr'><strong><em>Postea</em></strong></span> <span class='ocrx_word' id='word_1_83' title='bbox 1463 719 1561 784; x_wconf 73' lang='lat' dir='ltr'><strong><em>[actum</em></strong></span> <span class='ocrx_word' id='word_1_84' title='bbox 1576 722 1614 771; x_wconf 87' lang='lat' dir='ltr'><strong><em>est</em></strong></span> <span class='ocrx_word' id='word_1_85' title='bbox 1634 732 1665 770; x_wconf 80' lang='lat' dir='ltr'><strong><em>ea</em></strong></span> <span class='ocrx_word' id='word_1_86' title='bbox 1679 715 1852 770; x_wconf 86' lang='lat' dir='ltr'><strong><em>emendatiori</em></strong></span> 
     </span>
     <span class='ocr_line' id='line_1_7' title="bbox 199 805 1876 883; baseline -0.003 -17"><span class='ocrx_word' id='word_1_87' title='bbox 199 809 291 866; x_wconf 89' lang='lat' dir='ltr'><strong><em>missis</em></strong></span> <span class='ocrx_word' id='word_1_88' title='bbox 306 823 361 865; x_wconf 89' lang='lat' dir='ltr'><strong><em>non</em></strong></span> <span class='ocrx_word' id='word_1_89' title='bbox 385 810 478 875; x_wconf 88' lang='lat' dir='ltr'><strong><em>stctlt;</em></strong></span> <span class='ocrx_word' id='word_1_90' title='bbox 494 825 555 881; x_wconf 77' lang='lat' dir='ltr'><strong><em>qiise</em></strong></span> <span class='ocrx_word' id='word_1_91' title='bbox 576 826 637 866; x_wconf 89' lang='lat' dir='ltr'><strong><em>cmii</em></strong></span> <span class='ocrx_word' id='word_1_92' title='bbox 653 809 747 867; x_wconf 82' lang='lat' dir='ltr'><strong><em>Gracco</em></strong></span> <span class='ocrx_word' id='word_1_93' title='bbox 774 812 999 883; x_wconf 77' lang='lat' dir='ltr'><strong><em>interpretatione</em></strong></span> <span class='ocrx_word' id='word_1_94' title='bbox 1051 816 1134 873; x_wconf 80' lang='lat' dir='ltr'><strong><em>teatin,</em></strong></span> <span class='ocrx_word' id='word_1_95' title='bbox 1147 807 1198 874; x_wconf 77' lang='lat' dir='ltr'><strong><em>Qui</em></strong></span> <span class='ocrx_word' id='word_1_96' title='bbox 1226 821 1274 862; x_wconf 86' lang='lat' dir='ltr'><strong><em>ios</em></strong></span> <span class='ocrx_word' id='word_1_97' title='bbox 1293 805 1434 875; x_wconf 86' lang='lat' dir='ltr'><strong><em>iuipedinit</em></strong></span> <span class='ocrx_word' id='word_1_98' title='bbox 1447 822 1501 861; x_wconf 90' lang='lat' dir='ltr'><strong><em>non</em></strong></span> <span class='ocrx_word' id='word_1_99' title='bbox 1516 806 1651 862; x_wconf 80' lang='lat' dir='ltr'><strong><em>obediret</em></strong></span> <span class='ocrx_word' id='word_1_100' title='bbox 1665 818 1689 863; x_wconf 89' lang='lat' dir='ltr'><strong><em>et</em></strong></span> <span class='ocrx_word' id='word_1_101' title='bbox 1704 806 1804 880; x_wconf 87' lang='lat' dir='ltr'><strong><em>prioris</em></strong></span> <span class='ocrx_word' id='word_1_102' title='bbox 1813 805 1851 861; x_wconf 90' lang='lat' dir='ltr'><strong><em>ie·</em></strong></span> <span class='ocrx_word' id='word_1_103' title='bbox 1873 806 1876 811; x_wconf 85' lang='lat'>&#39;</span> 
     </span>
     <span class='ocr_line' id='line_1_8' title="bbox 198 899 1853 970; baseline -0.002 -13"><span class='ocrx_word' id='word_1_104' title='bbox 198 900 326 962; x_wconf 87' lang='lat' dir='ltr'><strong><em>contulit,</em></strong></span> <span class='ocrx_word' id='word_1_105' title='bbox 341 914 395 955; x_wconf 89' lang='lat' dir='ltr'><strong><em>uon</em></strong></span> <span class='ocrx_word' id='word_1_106' title='bbox 410 900 493 955; x_wconf 83' lang='lat' dir='ltr'><strong><em>multa</em></strong></span> <span class='ocrx_word' id='word_1_107' title='bbox 508 909 580 970; x_wconf 89' lang='lat' dir='ltr'><strong><em>suut,</em></strong></span> <span class='ocrx_word' id='word_1_108' title='bbox 593 901 709 957; x_wconf 86' lang='lat' dir='ltr'><strong><em>eruditis</em></strong></span> <span class='ocrx_word' id='word_1_109' title='bbox 723 912 812 957; x_wconf 84' lang='lat' dir='ltr'><strong><em>taruco</em></strong></span> <span class='ocrx_word' id='word_1_110' title='bbox 827 903 1000 958; x_wconf 83' lang='lat' dir='ltr'><strong><em>aiiimadier·</em></strong></span> <span class='ocrx_word' id='word_1_111' title='bbox 1051 901 1143 954; x_wconf 80' lang='lat' dir='ltr'><strong><em>orionis</em></strong></span> <span class='ocrx_word' id='word_1_112' title='bbox 1154 899 1328 968; x_wconf 80' lang='lat' dir='ltr'><strong><em>appendiculo</em></strong></span> <span class='ocrx_word' id='word_1_113' title='bbox 1342 914 1376 953; x_wconf 89' lang='lat' dir='ltr'><strong><em>ne</em></strong></span> <span class='ocrx_word' id='word_1_114' title='bbox 1389 900 1587 954; x_wconf 80' lang='lat' dir='ltr'><strong><em>consenseritis</em></strong></span> <span class='ocrx_word' id='word_1_115' title='bbox 1608 899 1640 952; x_wconf 88' lang='lat' dir='ltr'><strong><em>ai</em></strong></span> <span class='ocrx_word' id='word_1_116' title='bbox 1654 900 1777 970; x_wconf 88' lang='lat' dir='ltr'><strong><em>imperito</em></strong></span> <span class='ocrx_word' id='word_1_117' title='bbox 1788 915 1853 969; x_wconf 83' lang='lat' dir='ltr'><strong><em>pao-</em></strong></span> 
     </span>
     <span class='ocr_line' id='line_1_9' title="bbox 199 991 1854 1067; baseline 0 -19"><span class='ocrx_word' id='word_1_118' title='bbox 199 993 324 1052; x_wconf 82' lang='lat' dir='ltr'><strong><em>sionibus</em></strong></span> <span class='ocrx_word' id='word_1_119' title='bbox 339 1001 435 1048; x_wconf 82' lang='lat' dir='ltr'><strong><em>ornata</em></strong></span> <span class='ocrx_word' id='word_1_120' title='bbox 448 1010 456 1060; x_wconf 88' lang='lat'>;</span> <span class='ocrx_word' id='word_1_121' title='bbox 471 1003 569 1049; x_wconf 79' lang='lat' dir='ltr'><strong><em>aretem</em></strong></span> <span class='ocrx_word' id='word_1_122' title='bbox 583 994 636 1052; x_wconf 86' lang='lat' dir='ltr'><strong><em>sibi</em></strong></span> <span class='ocrx_word' id='word_1_123' title='bbox 652 995 721 1067; x_wconf 82' lang='lat' dir='ltr'><strong><em>ipsis</em></strong></span> <span class='ocrx_word' id='word_1_124' title='bbox 732 995 837 1062; x_wconf 86' lang='lat' dir='ltr'><strong><em>relicta,</em></strong></span> <span class='ocrx_word' id='word_1_125' title='bbox 851 1011 883 1053; x_wconf 82' lang='lat' dir='ltr'><strong><em>ae</em></strong></span> <span class='ocrx_word' id='word_1_126' title='bbox 895 996 999 1053; x_wconf 66' lang='lat' dir='ltr'><strong><em>Gracco</em></strong></span> <span class='ocrx_word' id='word_1_127' title='bbox 1052 993 1113 1047; x_wconf 86' lang='lat' dir='ltr'><strong><em>darn</em></strong></span> <span class='ocrx_word' id='word_1_128' title='bbox 1135 993 1218 1047; x_wconf 83' lang='lat' dir='ltr'><strong><em>scriis</em></strong></span> <span class='ocrx_word' id='word_1_129' title='bbox 1239 993 1344 1062; x_wconf 80' lang='lat' dir='ltr'><strong><em>reliquis</em></strong></span> <span class='ocrx_word' id='word_1_130' title='bbox 1359 993 1462 1066; x_wconf 82' lang='lat' dir='ltr'><strong><em>adjecto</em></strong></span> <span class='ocrx_word' id='word_1_131' title='bbox 1475 1003 1524 1047; x_wconf 85' lang='lat' dir='ltr'><strong><em>est.</em></strong></span> <span class='ocrx_word' id='word_1_132' title='bbox 1540 992 1574 1046; x_wconf 83' lang='lat' dir='ltr'><strong><em>El</em></strong></span> <span class='ocrx_word' id='word_1_133' title='bbox 1588 992 1657 1047; x_wconf 88' lang='lat' dir='ltr'><strong><em>idem</em></strong></span> <span class='ocrx_word' id='word_1_134' title='bbox 1667 993 1816 1048; x_wconf 86' lang='lat' dir='ltr'><strong><em>eoriftrinat</em></strong></span> <span class='ocrx_word' id='word_1_135' title='bbox 1826 991 1854 1048; x_wconf 88' lang='lat' dir='ltr'><strong><em>in</em></strong></span> 
     </span>
     <span class='ocr_line' id='line_1_10' title="bbox 200 1084 1855 1160; baseline -0.004 -15"><span class='ocrx_word' id='word_1_136' title='bbox 200 1088 426 1158; x_wconf 88' lang='lat' dir='ltr'><strong><em>comparationis.</em></strong></span> <span class='ocrx_word' id='word_1_137' title='bbox 434 1098 459 1141; x_wconf 88' lang='lat' dir='ltr'><strong><em>ct</em></strong></span> <span class='ocrx_word' id='word_1_138' title='bbox 472 1087 560 1143; x_wconf 87' lang='lat' dir='ltr'><strong><em>critici</em></strong></span> <span class='ocrx_word' id='word_1_139' title='bbox 569 1086 664 1159; x_wconf 87' lang='lat' dir='ltr'><strong><em>judicii</em></strong></span> <span class='ocrx_word' id='word_1_140' title='bbox 679 1087 751 1142; x_wconf 87' lang='lat' dir='ltr'><strong><em>iiuda</em></strong></span> <span class='ocrx_word' id='word_1_141' title='bbox 767 1089 874 1154; x_wconf 87' lang='lat' dir='ltr'><strong><em>penitus</em></strong></span> <span class='ocrx_word' id='word_1_142' title='bbox 887 1098 1001 1160; x_wconf 76' lang='lat' dir='ltr'><strong><em>preter·</em></strong></span> <span class='ocrx_word' id='word_1_143' title='bbox 1052 1086 1124 1142; x_wconf 89' lang='lat' dir='ltr'><strong><em>uotis</em></strong></span> <span class='ocrx_word' id='word_1_144' title='bbox 1138 1085 1172 1139; x_wconf 89' lang='lat' dir='ltr'><strong><em>aii</em></strong></span> <span class='ocrx_word' id='word_1_145' title='bbox 1190 1085 1260 1140; x_wconf 90' lang='lat' dir='ltr'><strong><em>lione</em></strong></span> <span class='ocrx_word' id='word_1_146' title='bbox 1274 1085 1400 1156; x_wconf 81' lang='lat' dir='ltr'><strong><em>Apostoli</em></strong></span> <span class='ocrx_word' id='word_1_147' title='bbox 1425 1085 1514 1140; x_wconf 89' lang='lat' dir='ltr'><strong><em>locuni</em></strong></span> <span class='ocrx_word' id='word_1_148' title='bbox 1528 1102 1535 1151; x_wconf 88' lang='lat'>;</span> <span class='ocrx_word' id='word_1_149' title='bbox 1548 1086 1612 1154; x_wconf 83' lang='lat' dir='ltr'><strong><em>quia</em></strong></span> <span class='ocrx_word' id='word_1_150' title='bbox 1627 1084 1752 1141; x_wconf 89' lang='lat' dir='ltr'><strong><em>nimirum</em></strong></span> <span class='ocrx_word' id='word_1_151' title='bbox 1768 1085 1855 1142; x_wconf 82' lang='lat' dir='ltr'><strong><em>libra·</em></strong></span> 
     </span>
     <span class='ocr_line' id='line_1_11' title="bbox 203 1175 1856 1249; baseline -0.002 -15"><span class='ocrx_word' id='word_1_152' title='bbox 203 1176 288 1234; x_wconf 90' lang='lat' dir='ltr'><strong><em>misit.</em></strong></span> <span class='ocrx_word' id='word_1_153' title='bbox 298 1175 391 1247; x_wconf 82' lang='lat' dir='ltr'><strong><em>licque</em></strong></span> <span class='ocrx_word' id='word_1_154' title='bbox 406 1177 557 1232; x_wconf 83' lang='lat' dir='ltr'><strong><em>Flaminius</em></strong></span> <span class='ocrx_word' id='word_1_155' title='bbox 567 1176 690 1233; x_wconf 86' lang='lat' dir='ltr'><strong><em>Noliilius</em></strong></span> <span class='ocrx_word' id='word_1_156' title='bbox 706 1179 732 1233; x_wconf 88' lang='lat' dir='ltr'><strong><em>in</em></strong></span> <span class='ocrx_word' id='word_1_157' title='bbox 743 1176 865 1232; x_wconf 83' lang='lat' dir='ltr'><strong><em>Romana</em></strong></span> <span class='ocrx_word' id='word_1_158' title='bbox 879 1177 1001 1234; x_wconf 74' lang='lat' dir='ltr'><strong><em>editione</em></strong></span> <span class='ocrx_word' id='word_1_159' title='bbox 1054 1178 1110 1234; x_wconf 88' lang='lat' dir='ltr'><strong><em>rius</em></strong></span> <span class='ocrx_word' id='word_1_160' title='bbox 1124 1179 1266 1248; x_wconf 82' lang='lat' dir='ltr'><strong><em>scripserit</em></strong></span> <span class='ocrx_word' id='word_1_161' title='bbox 1290 1179 1403 1235; x_wconf 78' lang='grc' dir='ltr'>πείθεσθε</span> <span class='ocrx_word' id='word_1_162' title='bbox 1419 1194 1468 1249; x_wconf 92' lang='lat' dir='ltr'><strong><em>pro</em></strong></span> <span class='ocrx_word' id='word_1_163' title='bbox 1485 1179 1628 1240; x_wconf 71' lang='grc' dir='ltr'>πείθεσθαι,</span> <span class='ocrx_word' id='word_1_164' title='bbox 1652 1179 1689 1231; x_wconf 90' lang='lat' dir='ltr'><strong><em>uti</em></strong></span> <span class='ocrx_word' id='word_1_165' title='bbox 1709 1178 1736 1232; x_wconf 92' lang='lat' dir='ltr'><strong><em>in</em></strong></span> <span class='ocrx_word' id='word_1_166' title='bbox 1754 1175 1856 1233; x_wconf 76' lang='lat' dir='ltr'><strong><em>Grmco</em></strong></span> 
     </span>
     <span class='ocr_line' id='line_1_12' title="bbox 202 1267 1855 1347; baseline -0.001 -20"><span class='ocrx_word' id='word_1_167' title='bbox 202 1269 383 1341; x_wconf 70' lang='lat' dir='ltr'><strong><em>Septuaginta</em></strong></span> <span class='ocrx_word' id='word_1_168' title='bbox 398 1267 582 1340; x_wconf 87' lang='lat' dir='ltr'><strong><em>interpretum</em></strong></span> <span class='ocrx_word' id='word_1_169' title='bbox 610 1270 725 1326; x_wconf 89' lang='lat' dir='ltr'><strong><em>multum</em></strong></span> <span class='ocrx_word' id='word_1_170' title='bbox 742 1269 844 1341; x_wconf 86' lang='lat' dir='ltr'><strong><em>prefuit</em></strong></span> <span class='ocrx_word' id='word_1_171' title='bbox 858 1273 1000 1342; x_wconf 83' lang='lat' dir='ltr'><strong><em>corrigen·</em></strong></span> <span class='ocrx_word' id='word_1_172' title='bbox 1054 1280 1129 1328; x_wconf 85' lang='lat' dir='ltr'><strong><em>teitu</em></strong></span> <span class='ocrx_word' id='word_1_173' title='bbox 1144 1271 1289 1327; x_wconf 83' lang='lat' dir='ltr'><strong><em>emendato</em></strong></span> <span class='ocrx_word' id='word_1_174' title='bbox 1301 1271 1419 1343; x_wconf 75' lang='lat' dir='ltr'><strong><em>iegitur:</em></strong></span> <span class='ocrx_word' id='word_1_175' title='bbox 1440 1274 1480 1334; x_wconf 77' lang='grc' dir='ltr'>εἰς</span> <span class='ocrx_word' id='word_1_176' title='bbox 1492 1273 1561 1344; x_wconf 79' lang='grc' dir='ltr'><strong><em>ὑμᾶς</em></strong></span> <span class='ocrx_word' id='word_1_177' title='bbox 1575 1272 1696 1345; x_wconf 70' lang='grc' dir='ltr'><strong><em>ἀνέκοψεν</em></strong></span> <span class='ocrx_word' id='word_1_178' title='bbox 1706 1279 1738 1346; x_wconf 74' lang='grc' dir='ltr'><strong><em>τῇ</em></strong></span> <span class='ocrx_word' id='word_1_179' title='bbox 1748 1272 1855 1347; x_wconf 71' lang='lat' dir='ltr'><strong><em>inlinirigi</em></strong></span> 
     </span>
     <span class='ocr_line' id='line_1_13' title="bbox 204 1361 1856 1435; baseline -0.003 -13"><span class='ocrx_word' id='word_1_180' title='bbox 204 1364 247 1422; x_wconf 90' lang='lat' dir='ltr'><strong><em>dis</em></strong></span> <span class='ocrx_word' id='word_1_181' title='bbox 274 1363 393 1421; x_wconf 78' lang='lat' dir='ltr'><strong><em>Luciferi</em></strong></span> <span class='ocrx_word' id='word_1_182' title='bbox 417 1362 591 1431; x_wconf 82' lang='lat' dir='ltr'><strong><em>testimoniis,</em></strong></span> <span class='ocrx_word' id='word_1_183' title='bbox 606 1378 660 1435; x_wconf 84' lang='lat' dir='ltr'><strong><em>quo</em></strong></span> <span class='ocrx_word' id='word_1_184' title='bbox 675 1378 729 1420; x_wconf 92' lang='lat' dir='ltr'><strong><em>non</em></strong></span> <span class='ocrx_word' id='word_1_185' title='bbox 741 1379 804 1420; x_wconf 93' lang='lat' dir='ltr'><strong><em>raro</em></strong></span> <span class='ocrx_word' id='word_1_186' title='bbox 817 1378 882 1419; x_wconf 91' lang='lat' dir='ltr'><strong><em>usus</em></strong></span> <span class='ocrx_word' id='word_1_187' title='bbox 896 1374 937 1419; x_wconf 97' lang='grc' dir='ltr'><strong><em>εει</em></strong></span> <span class='ocrx_word' id='word_1_188' title='bbox 950 1380 1000 1419; x_wconf 83' lang='lat' dir='ltr'><strong><em>au·</em></strong></span> <span class='ocrx_word' id='word_1_189' title='bbox 1053 1371 1089 1434; x_wconf 84' lang='lat' dir='ltr'><strong><em>pil</em></strong></span> <span class='ocrx_word' id='word_1_190' title='bbox 1113 1366 1245 1421; x_wconf 77' lang='grc' dir='ltr'>πείθεσθαι</span> <span class='ocrx_word' id='word_1_191' title='bbox 1258 1380 1266 1430; x_wconf 89' lang='grc'><strong>;</strong></span> <span class='ocrx_word' id='word_1_192' title='bbox 1283 1363 1441 1434; x_wconf 87' lang='lat' dir='ltr'><strong><em>Suspicatus</em></strong></span> <span class='ocrx_word' id='word_1_193' title='bbox 1461 1364 1573 1434; x_wconf 85' lang='lat' dir='ltr'><strong><em>quidem</em></strong></span> <span class='ocrx_word' id='word_1_194' title='bbox 1595 1374 1637 1417; x_wconf 88' lang='lat' dir='ltr'><strong><em>est</em></strong></span> <span class='ocrx_word' id='word_1_195' title='bbox 1650 1362 1770 1433; x_wconf 83' lang='lat' dir='ltr'><strong><em>zegerus</em></strong></span> <span class='ocrx_word' id='word_1_196' title='bbox 1784 1361 1856 1430; x_wconf 88' lang='lat' dir='ltr'><strong><em>apud</em></strong></span> 
     </span>
     <span class='ocr_line' id='line_1_14' title="bbox 203 1453 1857 1526; baseline -0.003 -13"><span class='ocrx_word' id='word_1_197' title='bbox 203 1466 283 1513; x_wconf 89' lang='lat' dir='ltr'><strong><em>ctore</em></strong></span> <span class='ocrx_word' id='word_1_198' title='bbox 299 1457 325 1511; x_wconf 90' lang='lat' dir='ltr'><strong><em>in</em></strong></span> <span class='ocrx_word' id='word_1_199' title='bbox 341 1454 466 1519; x_wconf 89' lang='lat' dir='ltr'><strong><em>sclioliis,</em></strong></span> <span class='ocrx_word' id='word_1_200' title='bbox 482 1455 610 1526; x_wconf 87' lang='lat' dir='ltr'><strong><em>notisque</em></strong></span> <span class='ocrx_word' id='word_1_201' title='bbox 624 1454 712 1511; x_wconf 89' lang='lat' dir='ltr'><strong><em>eidem</em></strong></span> <span class='ocrx_word' id='word_1_202' title='bbox 736 1454 849 1526; x_wconf 81' lang='lat' dir='ltr'><strong><em>adjectis</em></strong></span> <span class='ocrx_word' id='word_1_203' title='bbox 867 1455 1001 1520; x_wconf 85' lang='lat' dir='ltr'><strong><em>editioni;</em></strong></span> <span class='ocrx_word' id='word_1_204' title='bbox 1055 1456 1177 1523; x_wconf 85' lang='lat' dir='ltr'><strong><em>iiilliuin,</em></strong></span> <span class='ocrx_word' id='word_1_205' title='bbox 1194 1456 1340 1526; x_wconf 86' lang='lat' dir='ltr'><strong><em>pericopen</em></strong></span> <span class='ocrx_word' id='word_1_206' title='bbox 1354 1455 1423 1510; x_wconf 87' lang='lat' dir='ltr'><strong><em>lianc</em></strong></span> <span class='ocrx_word' id='word_1_207' title='bbox 1439 1472 1471 1510; x_wconf 89' lang='lat' dir='ltr'><strong><em>ue</em></strong></span> <span class='ocrx_word' id='word_1_208' title='bbox 1484 1453 1704 1509; x_wconf 84' lang='lat' dir='ltr'><strong><em>consenseritisaln</em></strong></span> <span class='ocrx_word' id='word_1_209' title='bbox 1719 1453 1857 1509; x_wconf 70' lang='lat' dir='ltr'><strong><em>haereticis</em></strong></span> 
     </span>
     <span class='ocr_line' id='line_1_15' title="bbox 203 1545 1859 1622; baseline -0.002 -18"><span class='ocrx_word' id='word_1_210' title='bbox 203 1548 371 1622; x_wconf 79' lang='lat' dir='ltr'><strong><em>quippequi,</em></strong></span> <span class='ocrx_word' id='word_1_211' title='bbox 384 1556 415 1603; x_wconf 93' lang='lat' dir='ltr'><strong><em>ut</em></strong></span> <span class='ocrx_word' id='word_1_212' title='bbox 437 1557 511 1604; x_wconf 89' lang='lat' dir='ltr'><strong><em>recte</em></strong></span> <span class='ocrx_word' id='word_1_213' title='bbox 531 1548 645 1605; x_wconf 89' lang='lat' dir='ltr'><strong><em>disserit</em></strong></span> <span class='ocrx_word' id='word_1_214' title='bbox 659 1547 829 1604; x_wconf 81' lang='lat' dir='ltr'><strong><em>Salatierios</em></strong></span> <span class='ocrx_word' id='word_1_215' title='bbox 845 1549 871 1604; x_wconf 91' lang='lat' dir='ltr'><strong><em>iii</em></strong></span> <span class='ocrx_word' id='word_1_216' title='bbox 887 1558 957 1619; x_wconf 84' lang='lat' dir='ltr'><strong><em>part.</em></strong></span> <span class='ocrx_word' id='word_1_217' title='bbox 974 1564 1003 1604; x_wconf 92' lang='lat' dir='ltr'><strong><em>ut</em></strong></span> <span class='ocrx_word' id='word_1_218' title='bbox 1055 1549 1179 1605; x_wconf 82' lang='lat' dir='ltr'><strong><em>ainrnsnoi</em></strong></span> <span class='ocrx_word' id='word_1_219' title='bbox 1195 1549 1279 1603; x_wconf 87' lang='lat' dir='ltr'><strong><em>fuisse</em></strong></span> <span class='ocrx_word' id='word_1_220' title='bbox 1297 1548 1428 1605; x_wconf 80' lang='lat' dir='ltr'><strong><em>eGraecis</em></strong></span> <span class='ocrx_word' id='word_1_221' title='bbox 1442 1546 1590 1603; x_wconf 78' lang='lat' dir='ltr'><strong><em>Codicilniis</em></strong></span> <span class='ocrx_word' id='word_1_222' title='bbox 1618 1546 1703 1602; x_wconf 87' lang='lat' dir='ltr'><strong><em>niulto</em></strong></span> <span class='ocrx_word' id='word_1_223' title='bbox 1718 1554 1781 1601; x_wconf 84' lang='lat' dir='ltr'><strong><em>note</em></strong></span> <span class='ocrx_word' id='word_1_224' title='bbox 1793 1545 1859 1602; x_wconf 91' lang='lat' dir='ltr'><strong><em>ilie·</em></strong></span> 
     </span>
     <span class='ocr_line' id='line_1_16' title="bbox 205 1639 1859 1716; baseline -0.003 -16"><span class='ocrx_word' id='word_1_225' title='bbox 205 1641 315 1700; x_wconf 81' lang='lat' dir='ltr'><strong><em>i’rmfat.</em></strong></span> <span class='ocrx_word' id='word_1_226' title='bbox 330 1640 345 1714; x_wconf 64' lang='lat' dir='ltr'><strong><em>i</em></strong></span> <span class='ocrx_word' id='word_1_227' title='bbox 363 1642 388 1709; x_wconf 93' lang='lat' dir='ltr'><strong><em>i,</em></strong></span> <span class='ocrx_word' id='word_1_228' title='bbox 400 1656 463 1696; x_wconf 90' lang='lat' dir='ltr'><strong><em>cum</em></strong></span> <span class='ocrx_word' id='word_1_229' title='bbox 479 1640 530 1697; x_wconf 85' lang='lat' dir='ltr'><strong><em>sibi</em></strong></span> <span class='ocrx_word' id='word_1_230' title='bbox 545 1641 572 1697; x_wconf 92' lang='lat' dir='ltr'><strong><em>iu</em></strong></span> <span class='ocrx_word' id='word_1_231' title='bbox 599 1642 690 1696; x_wconf 88' lang='lat' dir='ltr'><strong><em>auimo</em></strong></span> <span class='ocrx_word' id='word_1_232' title='bbox 704 1642 892 1710; x_wconf 85' lang='lat' dir='ltr'><strong><em>proposuisset</em></strong></span> <span class='ocrx_word' id='word_1_233' title='bbox 907 1641 1005 1713; x_wconf 81' lang='lat' dir='ltr'><strong><em>l&#39;nlga-</em></strong></span> <span class='ocrx_word' id='word_1_234' title='bbox 1058 1644 1165 1716; x_wconf 84' lang='lat' dir='ltr'><strong><em>rouyini</em></strong></span> <span class='ocrx_word' id='word_1_235' title='bbox 1186 1653 1293 1698; x_wconf 76' lang='lat' dir='ltr'><strong><em>rctatein</em></strong></span> <span class='ocrx_word' id='word_1_236' title='bbox 1308 1660 1316 1706; x_wconf 85' lang='grc'><strong>;</strong></span> <span class='ocrx_word' id='word_1_237' title='bbox 1330 1651 1358 1698; x_wconf 84' lang='lat' dir='ltr'><strong><em>at</em></strong></span> <span class='ocrx_word' id='word_1_238' title='bbox 1372 1642 1463 1699; x_wconf 90' lang='lat' dir='ltr'><strong><em>nullus</em></strong></span> <span class='ocrx_word' id='word_1_239' title='bbox 1476 1641 1503 1697; x_wconf 93' lang='lat' dir='ltr'><strong><em>iu</em></strong></span> <span class='ocrx_word' id='word_1_240' title='bbox 1518 1657 1549 1696; x_wconf 85' lang='lat' dir='ltr'><strong><em>en</em></strong></span> <span class='ocrx_word' id='word_1_241' title='bbox 1563 1641 1640 1696; x_wconf 87' lang='lat' dir='ltr'><strong><em>iocus</em></strong></span> <span class='ocrx_word' id='word_1_242' title='bbox 1662 1650 1723 1697; x_wconf 89' lang='lat' dir='ltr'><strong><em>erat</em></strong></span> <span class='ocrx_word' id='word_1_243' title='bbox 1746 1639 1859 1697; x_wconf 73' lang='lat' dir='ltr'><strong><em>fovendi</em></strong></span> 
     </span>
     <span class='ocr_line' id='line_1_17' title="bbox 206 1730 1861 1810; baseline -0.002 -22"><span class='ocrx_word' id='word_1_244' title='bbox 206 1743 260 1791; x_wconf 91' lang='lat' dir='ltr'><strong><em>tam</em></strong></span> <span class='ocrx_word' id='word_1_245' title='bbox 270 1744 379 1789; x_wconf 84' lang='lat' dir='ltr'><strong><em>celerem</em></strong></span> <span class='ocrx_word' id='word_1_246' title='bbox 394 1732 494 1789; x_wconf 83' lang='lat' dir='ltr'><strong><em>ibidem</em></strong></span> <span class='ocrx_word' id='word_1_247' title='bbox 510 1731 666 1798; x_wconf 86' lang='lat' dir='ltr'><strong><em>restituere,</em></strong></span> <span class='ocrx_word' id='word_1_248' title='bbox 680 1730 801 1787; x_wconf 84' lang='lat' dir='ltr'><strong><em>Groecant</em></strong></span> <span class='ocrx_word' id='word_1_249' title='bbox 812 1733 907 1810; x_wconf 30' lang='lat' dir='ltr'><strong><em>potins,</em></strong></span> <span class='ocrx_word' id='word_1_250' title='bbox 921 1749 1006 1788; x_wconf 79' lang='lat' dir='ltr'><strong><em>enem-</em></strong></span> <span class='ocrx_word' id='word_1_251' title='bbox 1021 1741 1046 1801; x_wconf 85' lang='grc' dir='ltr'><strong><em>Β</em></strong></span> <span class='ocrx_word' id='word_1_252' title='bbox 1060 1737 1187 1793; x_wconf 81' lang='grc' dir='ltr'>ιιεειεεΙίεε</span> <span class='ocrx_word' id='word_1_253' title='bbox 1210 1735 1330 1791; x_wconf 82' lang='lat' dir='ltr'><strong><em>iimretici</em></strong></span> <span class='ocrx_word' id='word_1_254' title='bbox 1346 1735 1448 1791; x_wconf 86' lang='lat' dir='ltr'><strong><em>erroris</em></strong></span> <span class='ocrx_word' id='word_1_255' title='bbox 1464 1752 1471 1801; x_wconf 87' lang='lat'>;</span> <span class='ocrx_word' id='word_1_256' title='bbox 1487 1745 1514 1791; x_wconf 85' lang='lat' dir='ltr'><strong><em>el</em></strong></span> <span class='ocrx_word' id='word_1_257' title='bbox 1539 1734 1724 1806; x_wconf 78' lang='lat' dir='ltr'><strong><em>Hieronymus</em></strong></span> <span class='ocrx_word' id='word_1_258' title='bbox 1748 1734 1777 1788; x_wconf 91' lang='lat' dir='ltr'><strong><em>in</em></strong></span> <span class='ocrx_word' id='word_1_259' title='bbox 1808 1732 1861 1790; x_wconf 88' lang='lat' dir='ltr'><strong><em>lioc</em></strong></span> 
     </span>
     <span class='ocr_line' id='line_1_18' title="bbox 206 1818 1861 1898; baseline -0.002 -13"><span class='ocrx_word' id='word_1_260' title='bbox 206 1826 266 1898; x_wconf 84' lang='lat' dir='ltr'><strong><em>pler</em></strong></span> <span class='ocrx_word' id='word_1_261' title='bbox 278 1825 327 1895; x_wconf 75' lang='lat' dir='ltr'><strong><em>fidi</em></strong></span> <span class='ocrx_word' id='word_1_262' title='bbox 351 1824 498 1895; x_wconf 80' lang='lat' dir='ltr'><strong><em>interpretis</em></strong></span> <span class='ocrx_word' id='word_1_263' title='bbox 521 1825 576 1879; x_wconf 82' lang='lat' dir='ltr'><strong><em>rice</em></strong></span> <span class='ocrx_word' id='word_1_264' title='bbox 588 1824 721 1896; x_wconf 77' lang='lat' dir='ltr'><strong><em>turgendo</em></strong></span> <span class='ocrx_word' id='word_1_265' title='bbox 741 1824 844 1880; x_wconf 83' lang='lat' dir='ltr'><strong><em>nerium</em></strong></span> <span class='ocrx_word' id='word_1_266' title='bbox 857 1825 934 1881; x_wconf 86' lang='lat' dir='ltr'><strong><em>oei-ia</em></strong></span> <span class='ocrx_word' id='word_1_267' title='bbox 948 1825 1008 1881; x_wconf 82' lang='lat' dir='ltr'><strong><em>retl-</em></strong></span> <span class='ocrx_word' id='word_1_268' title='bbox 1060 1830 1136 1886; x_wconf 76' lang='lat' dir='ltr'><strong><em>Pauli</em></strong></span> <span class='ocrx_word' id='word_1_269' title='bbox 1152 1818 1341 1885; x_wconf 79' lang='lat' dir='ltr'><strong><em>testinnonium</em></strong></span> <span class='ocrx_word' id='word_1_270' title='bbox 1357 1828 1467 1893; x_wconf 78' lang='lat' dir='ltr'><strong><em>subdit,</em></strong></span> <span class='ocrx_word' id='word_1_271' title='bbox 1485 1828 1558 1883; x_wconf 83' lang='lat' dir='ltr'><strong><em>iliani</em></strong></span> <span class='ocrx_word' id='word_1_272' title='bbox 1572 1827 1624 1881; x_wconf 81' lang='lat' dir='ltr'><strong><em>siin</em></strong></span> <span class='ocrx_word' id='word_1_273' title='bbox 1645 1825 1861 1896; x_wconf 72' lang='lat' dir='ltr'><strong><em>pretermitten-</em></strong></span> 
     </span>
     <span class='ocr_line' id='line_1_19' title="bbox 206 1904 1862 1991; baseline -0.001 -19"><span class='ocrx_word' id='word_1_274' title='bbox 206 1918 273 1974; x_wconf 89' lang='lat' dir='ltr'><strong><em>didit</em></strong></span> <span class='ocrx_word' id='word_1_275' title='bbox 284 1936 294 1986; x_wconf 90' lang='grc'><strong><em>;</em></strong></span> <span class='ocrx_word' id='word_1_276' title='bbox 306 1917 428 1973; x_wconf 75' lang='lat' dir='ltr'><strong><em>laudatas</em></strong></span> <span class='ocrx_word' id='word_1_277' title='bbox 442 1934 458 1971; x_wconf 87' lang='grc' dir='ltr'><em>α</em></span> <span class='ocrx_word' id='word_1_278' title='bbox 474 1904 528 1973; x_wconf 72' lang='lat' dir='ltr'><strong><em>ss}</em></strong></span> <span class='ocrx_word' id='word_1_279' title='bbox 541 1915 666 1972; x_wconf 76' lang='lat' dir='ltr'><strong><em>Patribus</em></strong></span> <span class='ocrx_word' id='word_1_280' title='bbox 680 1919 820 1973; x_wconf 89' lang='lat' dir='ltr'><strong><em>sententias</em></strong></span> <span class='ocrx_word' id='word_1_281' title='bbox 832 1919 937 1974; x_wconf 87' lang='lat' dir='ltr'><strong><em>nonnisi</em></strong></span> <span class='ocrx_word' id='word_1_282' title='bbox 950 1934 1006 1986; x_wconf 86' lang='lat' dir='ltr'><strong><em>eos,</em></strong></span> <span class='ocrx_word' id='word_1_283' title='bbox 1058 1922 1121 1977; x_wconf 87' lang='lat' dir='ltr'><strong><em>darn</em></strong></span> <span class='ocrx_word' id='word_1_284' title='bbox 1135 1931 1255 1991; x_wconf 89' lang='lat' dir='ltr'><strong><em>putasse,</em></strong></span> <span class='ocrx_word' id='word_1_285' title='bbox 1268 1921 1330 1991; x_wconf 84' lang='lat' dir='ltr'><strong><em>otiis</em></strong></span> <span class='ocrx_word' id='word_1_286' title='bbox 1342 1937 1388 1974; x_wconf 89' lang='lat' dir='ltr'><strong><em>nec</em></strong></span> <span class='ocrx_word' id='word_1_287' title='bbox 1400 1920 1429 1974; x_wconf 90' lang='lat' dir='ltr'><strong><em>in</em></strong></span> <span class='ocrx_word' id='word_1_288' title='bbox 1441 1918 1539 1975; x_wconf 78' lang='lat' dir='ltr'><strong><em>Graccis</em></strong></span> <span class='ocrx_word' id='word_1_289' title='bbox 1556 1918 1642 1987; x_wconf 78' lang='lat' dir='ltr'><strong><em>filaris,</em></strong></span> <span class='ocrx_word' id='word_1_290' title='bbox 1656 1934 1704 1972; x_wconf 89' lang='lat' dir='ltr'><strong><em>nec</em></strong></span> <span class='ocrx_word' id='word_1_291' title='bbox 1715 1918 1741 1973; x_wconf 87' lang='lat' dir='ltr'><strong><em>in</em></strong></span> <span class='ocrx_word' id='word_1_292' title='bbox 1753 1915 1862 1988; x_wconf 65' lang='lat' dir='ltr'><strong><em>irinati</em></strong></span> 
     </span>
     <span class='ocr_line' id='line_1_20' title="bbox 206 2006 1865 2083; baseline 0.002 -19"><span class='ocrx_word' id='word_1_293' title='bbox 206 2025 264 2082; x_wconf 82' lang='lat' dir='ltr'><strong><em>pute</em></strong></span> <span class='ocrx_word' id='word_1_294' title='bbox 275 2006 368 2065; x_wconf 80' lang='lat' dir='ltr'><strong><em>Graeco</em></strong></span> <span class='ocrx_word' id='word_1_295' title='bbox 378 2009 520 2080; x_wconf 76' lang='lat' dir='ltr'><strong><em>exemplari</em></strong></span> <span class='ocrx_word' id='word_1_296' title='bbox 530 2017 604 2063; x_wconf 88' lang='lat' dir='ltr'><strong><em>erant</em></strong></span> <span class='ocrx_word' id='word_1_297' title='bbox 618 2017 797 2064; x_wconf 77' lang='lat' dir='ltr'><strong><em>concentonem</em></strong></span> <span class='ocrx_word' id='word_1_298' title='bbox 807 2009 953 2077; x_wconf 70' lang='lat' dir='ltr'><strong><em>exscripsit,</em></strong></span> <span class='ocrx_word' id='word_1_299' title='bbox 961 2025 1008 2065; x_wconf 88' lang='lat' dir='ltr'><strong><em>ne·</em></strong></span> <span class='ocrx_word' id='word_1_300' title='bbox 1059 2015 1088 2068; x_wconf 89' lang='lat' dir='ltr'><strong><em>in</em></strong></span> <span class='ocrx_word' id='word_1_301' title='bbox 1101 2011 1257 2083; x_wconf 72' lang='lat' dir='ltr'><strong><em>Apostolum</em></strong></span> <span class='ocrx_word' id='word_1_302' title='bbox 1270 2013 1435 2069; x_wconf 73' lang='lat' dir='ltr'><strong><em>continueritoti</em></strong></span> <span class='ocrx_word' id='word_1_303' title='bbox 1449 2023 1520 2077; x_wconf 86' lang='lat' dir='ltr'><strong><em>runt,</em></strong></span> <span class='ocrx_word' id='word_1_304' title='bbox 1545 2012 1615 2067; x_wconf 88' lang='lat' dir='ltr'><strong><em>liaiic</em></strong></span> <span class='ocrx_word' id='word_1_305' title='bbox 1637 2013 1770 2081; x_wconf 81' lang='lat' dir='ltr'><strong><em>scriptam</em></strong></span> <span class='ocrx_word' id='word_1_306' title='bbox 1784 2009 1865 2067; x_wconf 83' lang='lat' dir='ltr'><strong><em>inre·</em></strong></span> 
     </span>
     <span class='ocr_line' id='line_1_21' title="bbox 208 2099 1863 2176; baseline -0.002 -14"><span class='ocrx_word' id='word_1_307' title='bbox 208 2102 298 2176; x_wconf 80' lang='lat' dir='ltr'><strong><em>plectis</em></strong></span> <span class='ocrx_word' id='word_1_308' title='bbox 317 2116 376 2173; x_wconf 80' lang='lat' dir='ltr'><strong><em>pac</em></strong></span> <span class='ocrx_word' id='word_1_309' title='bbox 396 2099 659 2172; x_wconf 66' lang='lat' dir='ltr'><strong><em>discriminumque</em></strong></span> <span class='ocrx_word' id='word_1_310' title='bbox 681 2099 713 2155; x_wconf 85' lang='lat' dir='ltr'><strong><em>ai</em></strong></span> <span class='ocrx_word' id='word_1_311' title='bbox 733 2103 790 2173; x_wconf 80' lang='lat' dir='ltr'><strong><em>ipio</em></strong></span> <span class='ocrx_word' id='word_1_312' title='bbox 802 2099 898 2157; x_wconf 81' lang='lat' dir='ltr'><strong><em>codiee</em></strong></span> <span class='ocrx_word' id='word_1_313' title='bbox 917 2099 1010 2157; x_wconf 83' lang='lat' dir='ltr'><strong><em>Graeco</em></strong></span> <span class='ocrx_word' id='word_1_314' title='bbox 1061 2107 1143 2163; x_wconf 83' lang='lat' dir='ltr'><strong><em>neiis.</em></strong></span> <span class='ocrx_word' id='word_1_315' title='bbox 1158 2106 1240 2161; x_wconf 80' lang='grc' dir='ltr'>Αειειιι</span> <span class='ocrx_word' id='word_1_316' title='bbox 1264 2104 1376 2171; x_wconf 79' lang='lat' dir='ltr'><strong><em>titilius,</em></strong></span> <span class='ocrx_word' id='word_1_317' title='bbox 1394 2102 1561 2170; x_wconf 83' lang='lat' dir='ltr'><strong><em>Luciferum,</em></strong></span> <span class='ocrx_word' id='word_1_318' title='bbox 1586 2103 1634 2175; x_wconf 87' lang='lat' dir='ltr'><strong><em>qiii</em></strong></span> <span class='ocrx_word' id='word_1_319' title='bbox 1665 2103 1735 2159; x_wconf 86' lang='lat' dir='ltr'><strong><em>i&#39;tlnd</em></strong></span> <span class='ocrx_word' id='word_1_320' title='bbox 1753 2101 1863 2159; x_wconf 82' lang='lat' dir='ltr'><strong><em>Nemini</em></strong></span> 
     </span>
     <span class='ocr_line' id='line_1_22' title="bbox 208 2192 1866 2267; baseline -0.002 -12"><span class='ocrx_word' id='word_1_321' title='bbox 208 2204 284 2249; x_wconf 81' lang='lat' dir='ltr'><strong><em>eroon</em></strong></span> <span class='ocrx_word' id='word_1_322' title='bbox 297 2194 426 2248; x_wconf 79' lang='lat' dir='ltr'><strong><em>ainerio:</em></strong></span> <span class='ocrx_word' id='word_1_323' title='bbox 440 2194 524 2248; x_wconf 75' lang='lat' dir='ltr'><strong><em>intuto</em></strong></span> <span class='ocrx_word' id='word_1_324' title='bbox 538 2193 674 2263; x_wconf 74' lang='lat' dir='ltr'><strong><em>panciores</em></strong></span> <span class='ocrx_word' id='word_1_325' title='bbox 691 2202 762 2261; x_wconf 79' lang='lat' dir='ltr'><strong><em>inni,</em></strong></span> <span class='ocrx_word' id='word_1_326' title='bbox 779 2209 843 2262; x_wconf 82' lang='lat' dir='ltr'><strong><em>noni</em></strong></span> <span class='ocrx_word' id='word_1_327' title='bbox 856 2210 873 2249; x_wconf 91' lang='lat' dir='ltr'><strong><em>a</em></strong></span> <span class='ocrx_word' id='word_1_328' title='bbox 885 2192 1010 2250; x_wconf 79' lang='lat' dir='ltr'><strong><em>Porntlni</em></strong></span> <span class='ocrx_word' id='word_1_329' title='bbox 1061 2198 1297 2255; x_wconf 78' lang='lat' dir='ltr'><strong><em>consenseiiitsaa</em></strong></span> <span class='ocrx_word' id='word_1_330' title='bbox 1310 2200 1441 2266; x_wconf 73' lang='lat' dir='ltr'><strong><em>sequanina</em></strong></span> <span class='ocrx_word' id='word_1_331' title='bbox 1451 2196 1577 2267; x_wconf 62' lang='lat' dir='ltr'><strong><em>,intinere</em></strong></span> <span class='ocrx_word' id='word_1_332' title='bbox 1588 2197 1699 2264; x_wconf 82' lang='lat' dir='ltr'><strong><em>piiraoir,</em></strong></span> <span class='ocrx_word' id='word_1_333' title='bbox 1712 2195 1866 2251; x_wconf 81' lang='lat' dir='ltr'><strong><em>iiiseinisse</em></strong></span> 
     </span>
     <span class='ocr_line' id='line_1_23' title="bbox 209 2284 1864 2361; baseline 0 -19"><span class='ocrx_word' id='word_1_334' title='bbox 209 2286 311 2342; x_wconf 83' lang='lat' dir='ltr'><strong><em>Latinis</em></strong></span> <span class='ocrx_word' id='word_1_335' title='bbox 324 2286 450 2357; x_wconf 72' lang='lat' dir='ltr'><strong><em>excerpsit</em></strong></span> <span class='ocrx_word' id='word_1_336' title='bbox 459 2286 576 2353; x_wconf 89' lang='lat' dir='ltr'><strong><em>,·etcirca</em></strong></span> <span class='ocrx_word' id='word_1_337' title='bbox 586 2284 1010 2343; x_wconf 80' lang='lat' dir='ltr'><strong><em>NonumTestamentumnilalind</em></strong></span> <span class='ocrx_word' id='word_1_338' title='bbox 1062 2292 1096 2349; x_wconf 79' lang='lat' dir='ltr'><strong><em>de</em></strong></span> <span class='ocrx_word' id='word_1_339' title='bbox 1111 2308 1161 2347; x_wconf 79' lang='lat' dir='ltr'><strong><em>eoo</em></strong></span> <span class='ocrx_word' id='word_1_340' title='bbox 1175 2306 1275 2347; x_wconf 82' lang='lat' dir='ltr'><strong><em>nornen</em></strong></span> <span class='ocrx_word' id='word_1_341' title='bbox 1298 2291 1441 2346; x_wconf 79' lang='lat' dir='ltr'><strong><em>relativum</em></strong></span> <span class='ocrx_word' id='word_1_342' title='bbox 1457 2291 1512 2361; x_wconf 77' lang='lat' dir='ltr'><strong><em>qui,</em></strong></span> <span class='ocrx_word' id='word_1_343' title='bbox 1526 2289 1598 2360; x_wconf 87' lang='lat' dir='ltr'><strong><em>qnod</em></strong></span> <span class='ocrx_word' id='word_1_344' title='bbox 1615 2301 1706 2345; x_wconf 83' lang='lat' dir='ltr'><strong><em>tannen</em></strong></span> <span class='ocrx_word' id='word_1_345' title='bbox 1722 2287 1864 2360; x_wconf 88' lang='lat' dir='ltr'><strong><em>iegiturin</em></strong></span> 
     </span>
     <span class='ocr_line' id='line_1_24' title="bbox 210 2379 1867 2454; baseline 0.004 -21"><span class='ocrx_word' id='word_1_346' title='bbox 210 2396 288 2448; x_wconf 83' lang='lat' dir='ltr'><strong><em>quani</em></strong></span> <span class='ocrx_word' id='word_1_347' title='bbox 302 2389 400 2434; x_wconf 81' lang='lat' dir='ltr'><strong><em>teatnm</em></strong></span> <span class='ocrx_word' id='word_1_348' title='bbox 413 2387 593 2450; x_wconf 72' lang='lat' dir='ltr'><strong><em>representat.</em></strong></span> <span class='ocrx_word' id='word_1_349' title='bbox 610 2379 677 2434; x_wconf 79' lang='lat' dir='ltr'><strong><em>ilem</em></strong></span> <span class='ocrx_word' id='word_1_350' title='bbox 699 2379 793 2451; x_wconf 85' lang='lat' dir='ltr'><strong><em>itaque</em></strong></span> <span class='ocrx_word' id='word_1_351' title='bbox 808 2388 848 2435; x_wconf 91' lang='lat' dir='ltr'><strong><em>tot</em></strong></span> <span class='ocrx_word' id='word_1_352' title='bbox 869 2381 1010 2450; x_wconf 73' lang='lat' dir='ltr'><strong><em>obseptam</em></strong></span> <span class='ocrx_word' id='word_1_353' title='bbox 1062 2385 1156 2443; x_wconf 90' lang='lat' dir='ltr'><strong><em>codice</em></strong></span> <span class='ocrx_word' id='word_1_354' title='bbox 1169 2385 1336 2440; x_wconf 86' lang='lat' dir='ltr'><strong><em>Borueriaiio</em></strong></span> <span class='ocrx_word' id='word_1_355' title='bbox 1346 2383 1417 2454; x_wconf 87' lang='lat' dir='ltr'><strong><em>apud</em></strong></span> <span class='ocrx_word' id='word_1_356' title='bbox 1429 2383 1622 2440; x_wconf 82' lang='lat' dir='ltr'><strong><em>Sabatierium.</em></strong></span> <span class='ocrx_word' id='word_1_357' title='bbox 1637 2383 1711 2439; x_wconf 89' lang='lat' dir='ltr'><strong><em>idem</em></strong></span> <span class='ocrx_word' id='word_1_358' title='bbox 1722 2382 1867 2453; x_wconf 82' lang='lat' dir='ltr'><strong><em>estojudi·</em></strong></span> 
     </span>
     <span class='ocr_line' id='line_1_25' title="bbox 210 2471 1868 2546; baseline 0.001 -18"><span class='ocrx_word' id='word_1_359' title='bbox 210 2471 416 2528; x_wconf 84' lang='lat' dir='ltr'><strong><em>difficultatibus</em></strong></span> <span class='ocrx_word' id='word_1_360' title='bbox 430 2487 483 2527; x_wconf 89' lang='lat' dir='ltr'><strong><em>uno</em></strong></span> <span class='ocrx_word' id='word_1_361' title='bbox 496 2471 605 2528; x_wconf 90' lang='lat' dir='ltr'><strong><em>tandein</em></strong></span> <span class='ocrx_word' id='word_1_362' title='bbox 619 2471 735 2528; x_wconf 86' lang='lat' dir='ltr'><strong><em>consilio</em></strong></span> <span class='ocrx_word' id='word_1_363' title='bbox 750 2471 946 2544; x_wconf 81' lang='lat' dir='ltr'><strong><em>expedieiidam</em></strong></span> <span class='ocrx_word' id='word_1_364' title='bbox 962 2474 1012 2530; x_wconf 91' lang='lat' dir='ltr'><strong><em>du·</em></strong></span> <span class='ocrx_word' id='word_1_365' title='bbox 1063 2478 1134 2534; x_wconf 92' lang='lat' dir='ltr'><strong><em>cium</em></strong></span> <span class='ocrx_word' id='word_1_366' title='bbox 1148 2476 1183 2532; x_wconf 90' lang='lat' dir='ltr'><strong><em>de</em></strong></span> <span class='ocrx_word' id='word_1_367' title='bbox 1202 2485 1336 2532; x_wconf 88' lang='lat' dir='ltr'><strong><em>commate</em></strong></span> <span class='ocrx_word' id='word_1_368' title='bbox 1351 2476 1517 2546; x_wconf 83' lang='lat' dir='ltr'><strong><em>insequenti,</em></strong></span> <span class='ocrx_word' id='word_1_369' title='bbox 1531 2476 1619 2530; x_wconf 86' lang='lat' dir='ltr'><strong><em>sniisio</em></strong></span> <span class='ocrx_word' id='word_1_370' title='bbox 1647 2485 1733 2530; x_wconf 87' lang='lat' dir='ltr'><strong><em>nestra</em></strong></span> <span class='ocrx_word' id='word_1_371' title='bbox 1758 2490 1791 2529; x_wconf 81' lang='lat' dir='ltr'><strong><em>rs</em></strong></span> <span class='ocrx_word' id='word_1_372' title='bbox 1809 2472 1868 2531; x_wconf 77' lang='lat' dir='ltr'><strong><em>flea</em></strong></span> 
     </span>
     <span class='ocr_line' id='line_1_26' title="bbox 212 2563 1867 2638; baseline -0.001 -16"><span class='ocrx_word' id='word_1_373' title='bbox 212 2565 322 2632; x_wconf 85' lang='lat' dir='ltr'><strong><em>simus;</em></strong></span> <span class='ocrx_word' id='word_1_374' title='bbox 337 2574 366 2621; x_wconf 94' lang='lat' dir='ltr'><strong><em>ut</em></strong></span> <span class='ocrx_word' id='word_1_375' title='bbox 383 2566 510 2621; x_wconf 89' lang='lat' dir='ltr'><strong><em>nimirum</em></strong></span> <span class='ocrx_word' id='word_1_376' title='bbox 526 2565 630 2638; x_wconf 83' lang='lat' dir='ltr'><strong><em>singula</em></strong></span> <span class='ocrx_word' id='word_1_377' title='bbox 647 2580 734 2622; x_wconf 73' lang='lat' dir='ltr'><strong><em>sacrae</em></strong></span> <span class='ocrx_word' id='word_1_378' title='bbox 758 2565 906 2638; x_wconf 74' lang='lat' dir='ltr'><strong><em>Scripturas</em></strong></span> <span class='ocrx_word' id='word_1_379' title='bbox 923 2567 1012 2623; x_wconf 89' lang='lat' dir='ltr'><strong><em>loeaa</em></strong></span> <span class='ocrx_word' id='word_1_380' title='bbox 1063 2580 1111 2631; x_wconf 84' lang='lat' dir='ltr'><strong><em>est,</em></strong></span> <span class='ocrx_word' id='word_1_381' title='bbox 1123 2567 1167 2623; x_wconf 92' lang='lat' dir='ltr'><strong><em>cui</em></strong></span> <span class='ocrx_word' id='word_1_382' title='bbox 1181 2568 1259 2623; x_wconf 89' lang='lat' dir='ltr'><strong><em>deest</em></strong></span> <span class='ocrx_word' id='word_1_383' title='bbox 1276 2567 1407 2636; x_wconf 83' lang='lat' dir='ltr'><strong><em>porticula</em></strong></span> <span class='ocrx_word' id='word_1_384' title='bbox 1431 2566 1554 2634; x_wconf 85' lang='lat' dir='ltr'><strong><em>iiegatita</em></strong></span> <span class='ocrx_word' id='word_1_385' title='bbox 1568 2581 1631 2631; x_wconf 89' lang='lat' dir='ltr'><strong><em>non,</em></strong></span> <span class='ocrx_word' id='word_1_386' title='bbox 1646 2567 1673 2620; x_wconf 90' lang='lat' dir='ltr'><strong><em>in</em></strong></span> <span class='ocrx_word' id='word_1_387' title='bbox 1698 2563 1867 2634; x_wconf 71' lang='lat' dir='ltr'><strong><em>Graccooi&#39;m,</em></strong></span> 
     </span>
     <span class='ocr_line' id='line_1_27' title="bbox 213 2655 1869 2731; baseline -0.001 -18"><span class='ocrx_word' id='word_1_388' title='bbox 213 2656 340 2714; x_wconf 87' lang='lat' dir='ltr'><strong><em>Lucifero</em></strong></span> <span class='ocrx_word' id='word_1_389' title='bbox 352 2658 489 2729; x_wconf 90' lang='lat' dir='ltr'><strong><em>descripta</em></strong></span> <span class='ocrx_word' id='word_1_390' title='bbox 501 2674 562 2714; x_wconf 88' lang='lat' dir='ltr'><strong><em>cuin</em></strong></span> <span class='ocrx_word' id='word_1_391' title='bbox 578 2659 643 2713; x_wconf 85' lang='lat' dir='ltr'><strong><em>itala</em></strong></span> <span class='ocrx_word' id='word_1_392' title='bbox 661 2658 893 2729; x_wconf 85' lang='lat' dir='ltr'><strong><em>interpretatione</em></strong></span> <span class='ocrx_word' id='word_1_393' title='bbox 904 2662 1013 2731; x_wconf 83' lang='lat' dir='ltr'><strong><em>antiqua</em></strong></span> <span class='ocrx_word' id='word_1_394' title='bbox 1065 2661 1169 2718; x_wconf 88' lang='lat' dir='ltr'><strong><em>scilicet</em></strong></span> <span class='ocrx_word' id='word_1_395' title='bbox 1179 2678 1230 2715; x_wconf 92' lang='lat' dir='ltr'><strong><em>non</em></strong></span> <span class='ocrx_word' id='word_1_396' title='bbox 1245 2670 1281 2715; x_wconf 86' lang='lat' dir='ltr'><strong><em>est</em></strong></span> <span class='ocrx_word' id='word_1_397' title='bbox 1296 2677 1304 2715; x_wconf 92' lang='grc'><strong><em>.·</em></strong></span> <span class='ocrx_word' id='word_1_398' title='bbox 1318 2670 1346 2714; x_wconf 87' lang='grc' dir='ltr'><strong><em>ει</em></strong></span> <span class='ocrx_word' id='word_1_399' title='bbox 1360 2660 1454 2715; x_wconf 81' lang='lat' dir='ltr'><strong><em>deerat</em></strong></span> <span class='ocrx_word' id='word_1_400' title='bbox 1464 2659 1510 2714; x_wconf 91' lang='lat' dir='ltr'><strong><em>illa</em></strong></span> <span class='ocrx_word' id='word_1_401' title='bbox 1523 2658 1631 2730; x_wconf 87' lang='lat' dir='ltr'><strong><em>qinidem</em></strong></span> <span class='ocrx_word' id='word_1_402' title='bbox 1643 2655 1724 2712; x_wconf 86' lang='lat' dir='ltr'><strong><em>codd.</em></strong></span> <span class='ocrx_word' id='word_1_403' title='bbox 1742 2656 1869 2728; x_wconf 87' lang='lat' dir='ltr'><strong><em>pluribus</em></strong></span> 
     </span>
     <span class='ocr_line' id='line_1_28' title="bbox 212 2750 1870 2829; baseline -0.001 -22"><span class='ocrx_word' id='word_1_404' title='bbox 212 2765 454 2821; x_wconf 86' lang='lat' dir='ltr'><strong><em>componeremus,</em></strong></span> <span class='ocrx_word' id='word_1_405' title='bbox 470 2751 578 2822; x_wconf 80' lang='lat' dir='ltr'><strong><em>qualem</em></strong></span> <span class='ocrx_word' id='word_1_406' title='bbox 595 2751 800 2829; x_wconf 80' lang='lat' dir='ltr'><strong><em>absolutissimo</em></strong></span> <span class='ocrx_word' id='word_1_407' title='bbox 814 2767 898 2824; x_wconf 82' lang='lat' dir='ltr'><strong><em>opere</em></strong></span> <span class='ocrx_word' id='word_1_408' title='bbox 911 2753 1015 2823; x_wconf 90' lang='lat' dir='ltr'><strong><em>perfec·</em></strong></span> <span class='ocrx_word' id='word_1_409' title='bbox 1065 2755 1179 2822; x_wconf 73' lang='lat' dir='ltr'><strong><em>Grecis,</em></strong></span> <span class='ocrx_word' id='word_1_410' title='bbox 1195 2770 1264 2827; x_wconf 87' lang='lat' dir='ltr'><strong><em>quos</em></strong></span> <span class='ocrx_word' id='word_1_411' title='bbox 1288 2754 1470 2826; x_wconf 81' lang='lat' dir='ltr'><strong><em>iiierouynnis</em></strong></span> <span class='ocrx_word' id='word_1_412' title='bbox 1493 2752 1560 2822; x_wconf 80' lang='lat' dir='ltr'><strong><em>tigit</em></strong></span> <span class='ocrx_word' id='word_1_413' title='bbox 1572 2769 1580 2818; x_wconf 90' lang='lat'>;</span> <span class='ocrx_word' id='word_1_414' title='bbox 1593 2761 1630 2812; x_wconf 80' lang='lat' dir='ltr'><strong><em>,nt</em></strong></span> <span class='ocrx_word' id='word_1_415' title='bbox 1646 2750 1684 2818; x_wconf 89' lang='lat' dir='ltr'><strong><em>is,</em></strong></span> <span class='ocrx_word' id='word_1_416' title='bbox 1697 2759 1770 2808; x_wconf 89' lang='lat' dir='ltr'><strong><em>teste</em></strong></span> <span class='ocrx_word' id='word_1_417' title='bbox 1784 2750 1870 2807; x_wconf 88' lang='lat' dir='ltr'><strong><em>llrllic</em></strong></span> 
     </span>
     <span class='ocr_line' id='line_1_29' title="bbox 215 2840 1870 2917; baseline -0.002 -16"><span class='ocrx_word' id='word_1_418' title='bbox 215 2856 270 2902; x_wconf 88' lang='lat' dir='ltr'><strong><em>tarn</em></strong></span> <span class='ocrx_word' id='word_1_419' title='bbox 284 2846 362 2901; x_wconf 83' lang='lat' dir='ltr'><strong><em>nobis</em></strong></span> <span class='ocrx_word' id='word_1_420' title='bbox 374 2845 502 2901; x_wconf 82' lang='lat' dir='ltr'><strong><em>exitibuit</em></strong></span> <span class='ocrx_word' id='word_1_421' title='bbox 519 2845 708 2902; x_wconf 82' lang='lat' dir='ltr'><strong><em>Sabatierius:</em></strong></span> <span class='ocrx_word' id='word_1_422' title='bbox 725 2846 797 2917; x_wconf 84' lang='lat' dir='ltr'><strong><em>quod</em></strong></span> <span class='ocrx_word' id='word_1_423' title='bbox 815 2857 905 2903; x_wconf 84' lang='lat' dir='ltr'><strong><em>autern</em></strong></span> <span class='ocrx_word' id='word_1_424' title='bbox 927 2847 1014 2903; x_wconf 84' lang='lat' dir='ltr'><strong><em>inilia</em></strong></span> <span class='ocrx_word' id='word_1_425' title='bbox 1066 2847 1094 2904; x_wconf 92' lang='lat' dir='ltr'><strong><em>in</em></strong></span> <span class='ocrx_word' id='word_1_426' title='bbox 1111 2848 1179 2903; x_wconf 90' lang='lat' dir='ltr'><strong><em>locis</em></strong></span> <span class='ocrx_word' id='word_1_427' title='bbox 1195 2847 1322 2911; x_wconf 75' lang='lat' dir='ltr'><strong><em>inuolutis,</em></strong></span> <span class='ocrx_word' id='word_1_428' title='bbox 1348 2847 1479 2900; x_wconf 74' lang='lat' dir='ltr'><strong><em>&#39;oiiiisszim</em></strong></span> <span class='ocrx_word' id='word_1_429' title='bbox 1500 2843 1643 2900; x_wconf 87' lang='lat' dir='ltr'><strong><em>credidita</em></strong></span> <span class='ocrx_word' id='word_1_430' title='bbox 1663 2840 1870 2914; x_wconf 69' lang='lat' dir='ltr'><strong><em>simplicioribus</em></strong></span> 
     </span>
     <span class='ocr_line' id='line_1_30' title="bbox 216 2931 1871 3011; baseline -0.002 -19"><span class='ocrx_word' id='word_1_431' title='bbox 216 2953 232 2992; x_wconf 94' lang='lat' dir='ltr'><strong><em>a</em></strong></span> <span class='ocrx_word' id='word_1_432' title='bbox 247 2936 425 2994; x_wconf 81' lang='lat' dir='ltr'><strong><em>Lucifmiauis</em></strong></span> <span class='ocrx_word' id='word_1_433' title='bbox 437 2939 603 2994; x_wconf 88' lang='lat' dir='ltr'><strong><em>testimoniis</em></strong></span> <span class='ocrx_word' id='word_1_434' title='bbox 623 2938 724 3006; x_wconf 90' lang='lat' dir='ltr'><strong><em>differt,</em></strong></span> <span class='ocrx_word' id='word_1_435' title='bbox 739 2941 766 2995; x_wconf 92' lang='lat' dir='ltr'><strong><em>in</em></strong></span> <span class='ocrx_word' id='word_1_436' title='bbox 783 2941 922 3011; x_wconf 82' lang='lat' dir='ltr'><strong><em>subjectas</em></strong></span> <span class='ocrx_word' id='word_1_437' title='bbox 936 2950 1015 2996; x_wconf 87' lang='lat' dir='ltr'><strong><em>notos</em></strong></span> <span class='ocrx_word' id='word_1_438' title='bbox 1067 2937 1234 3009; x_wconf 81' lang='lat' dir='ltr'><strong><em>qniinsdam,</em></strong></span> <span class='ocrx_word' id='word_1_439' title='bbox 1256 2938 1300 3007; x_wconf 82' lang='lat' dir='ltr'><strong><em>pini</em></strong></span> <span class='ocrx_word' id='word_1_440' title='bbox 1311 2945 1431 3005; x_wconf 86' lang='lat' dir='ltr'><strong><em>potantes</em></strong></span> <span class='ocrx_word' id='word_1_441' title='bbox 1445 2952 1472 2989; x_wconf 89' lang='lat' dir='ltr'><strong><em>se</em></strong></span> <span class='ocrx_word' id='word_1_442' title='bbox 1483 2935 1584 3007; x_wconf 74' lang='lat' dir='ltr'><strong><em>deferre</em></strong></span> <span class='ocrx_word' id='word_1_443' title='bbox 1607 2931 1673 3001; x_wconf 82' lang='lat' dir='ltr'><strong><em>Deo,</em></strong></span> <span class='ocrx_word' id='word_1_444' title='bbox 1689 2944 1718 2989; x_wconf 86' lang='lat' dir='ltr'><strong><em>st</em></strong></span> <span class='ocrx_word' id='word_1_445' title='bbox 1733 2936 1871 3004; x_wconf 78' lang='lat' dir='ltr'><strong><em>persentio</em></strong></span> 
     </span>
     <span class='ocr_line' id='line_1_31' title="bbox 216 3026 1871 3102; baseline -0.002 -16"><span class='ocrx_word' id='word_1_446' title='bbox 216 3028 343 3101; x_wconf 80' lang='lat' dir='ltr'><strong><em>rejicere,</em></strong></span> <span class='ocrx_word' id='word_1_447' title='bbox 357 3031 441 3101; x_wconf 79' lang='lat' dir='ltr'><strong><em>sigum</em></strong></span> <span class='ocrx_word' id='word_1_448' title='bbox 468 3029 604 3086; x_wconf 85' lang='lat' dir='ltr'><strong><em>lectiones</em></strong></span> <span class='ocrx_word' id='word_1_449' title='bbox 627 3031 669 3086; x_wconf 87' lang='lat' dir='ltr'><strong><em>vel</em></strong></span> <span class='ocrx_word' id='word_1_450' title='bbox 683 3030 814 3089; x_wconf 79' lang='lat' dir='ltr'><strong><em>eGraecis</em></strong></span> <span class='ocrx_word' id='word_1_451' title='bbox 825 3034 869 3089; x_wconf 85' lang='lat' dir='ltr'><strong><em>rel</em></strong></span> <span class='ocrx_word' id='word_1_452' title='bbox 883 3048 899 3089; x_wconf 92' lang='lat' dir='ltr'><strong><em>e</em></strong></span> <span class='ocrx_word' id='word_1_453' title='bbox 912 3033 1016 3090; x_wconf 85' lang='lat' dir='ltr'><strong><em>Latinis</em></strong></span> <span class='ocrx_word' id='word_1_454' title='bbox 1068 3046 1167 3102; x_wconf 79' lang='lat' dir='ltr'><strong><em>quoqne</em></strong></span> <span class='ocrx_word' id='word_1_455' title='bbox 1180 3038 1267 3085; x_wconf 90' lang='lat' dir='ltr'><strong><em>nostra</em></strong></span> <span class='ocrx_word' id='word_1_456' title='bbox 1281 3029 1309 3082; x_wconf 86' lang='lat' dir='ltr'><strong><em>in</em></strong></span> <span class='ocrx_word' id='word_1_457' title='bbox 1323 3029 1379 3100; x_wconf 82' lang='lat' dir='ltr'><strong><em>ejnr</em></strong></span> <span class='ocrx_word' id='word_1_458' title='bbox 1392 3028 1424 3082; x_wconf 89' lang='lat' dir='ltr'><strong><em>sit</em></strong></span> <span class='ocrx_word' id='word_1_459' title='bbox 1438 3037 1573 3097; x_wconf 87' lang='lat' dir='ltr'><strong><em>potestate,</em></strong></span> <span class='ocrx_word' id='word_1_460' title='bbox 1590 3026 1756 3082; x_wconf 79' lang='lat' dir='ltr'><strong><em>abstulerant</em></strong></span> <span class='ocrx_word' id='word_1_461' title='bbox 1770 3036 1871 3092; x_wconf 73' lang='lat' dir='ltr'><strong><em>mrtem</em></strong></span> 
     </span>
     <span class='ocr_line' id='line_1_32' title="bbox 220 3119 1871 3199; baseline -0.004 -18"><span class='ocrx_word' id='word_1_462' title='bbox 220 3121 378 3191; x_wconf 83' lang='lat' dir='ltr'><strong><em>Codiciltus,</em></strong></span> <span class='ocrx_word' id='word_1_463' title='bbox 393 3133 439 3179; x_wconf 85' lang='lat' dir='ltr'><strong><em>aut</em></strong></span> <span class='ocrx_word' id='word_1_464' title='bbox 461 3138 477 3180; x_wconf 89' lang='lat' dir='ltr'><strong><em>e</em></strong></span> <span class='ocrx_word' id='word_1_465' title='bbox 490 3123 594 3180; x_wconf 87' lang='lat' dir='ltr'><strong><em>Latinis</em></strong></span> <span class='ocrx_word' id='word_1_466' title='bbox 612 3124 737 3179; x_wconf 81' lang='lat' dir='ltr'><strong><em>Patribus</em></strong></span> <span class='ocrx_word' id='word_1_467' title='bbox 751 3139 766 3179; x_wconf 92' lang='lat' dir='ltr'><strong><em>a</em></strong></span> <span class='ocrx_word' id='word_1_468' title='bbox 781 3125 936 3182; x_wconf 81' lang='lat' dir='ltr'><strong><em>sntiouciio</em></strong></span> <span class='ocrx_word' id='word_1_469' title='bbox 952 3143 1014 3199; x_wconf 88' lang='lat' dir='ltr'><strong><em>pro·</em></strong></span> <span class='ocrx_word' id='word_1_470' title='bbox 1029 3125 1052 3189; x_wconf 87' lang='lat' dir='ltr'>C</span> <span class='ocrx_word' id='word_1_471' title='bbox 1067 3124 1193 3179; x_wconf 88' lang='lat' dir='ltr'><strong><em>orationis</em></strong></span> <span class='ocrx_word' id='word_1_472' title='bbox 1208 3137 1274 3187; x_wconf 86' lang='lat' dir='ltr'><strong><em>uoti,</em></strong></span> <span class='ocrx_word' id='word_1_473' title='bbox 1288 3129 1314 3176; x_wconf 90' lang='lat' dir='ltr'><strong><em>et</em></strong></span> <span class='ocrx_word' id='word_1_474' title='bbox 1326 3136 1431 3175; x_wconf 87' lang='lat' dir='ltr'><strong><em>sensam</em></strong></span> <span class='ocrx_word' id='word_1_475' title='bbox 1445 3119 1608 3173; x_wconf 84' lang='lat' dir='ltr'><strong><em>contrarium</em></strong></span> <span class='ocrx_word' id='word_1_476' title='bbox 1636 3119 1763 3190; x_wconf 78' lang='lat' dir='ltr'><strong><em>ipairotn</em></strong></span> <span class='ocrx_word' id='word_1_477' title='bbox 1781 3121 1871 3175; x_wconf 84' lang='lat' dir='ltr'><strong><em>reddi·</em></strong></span> 
     </span>
     <span class='ocr_line' id='line_1_33' title="bbox 217 3210 1873 3286; baseline -0.005 -11"><span class='ocrx_word' id='word_1_478' title='bbox 217 3215 306 3275; x_wconf 81' lang='lat' dir='ltr'><strong><em>duetc</em></strong></span> <span class='ocrx_word' id='word_1_479' title='bbox 319 3233 381 3273; x_wconf 88' lang='lat' dir='ltr'><strong><em>curn</em></strong></span> <span class='ocrx_word' id='word_1_480' title='bbox 410 3216 592 3272; x_wconf 87' lang='lat' dir='ltr'><strong><em>Luciferianis</em></strong></span> <span class='ocrx_word' id='word_1_481' title='bbox 607 3217 783 3273; x_wconf 87' lang='lat' dir='ltr'><strong><em>consentiunt</em></strong></span> <span class='ocrx_word' id='word_1_482' title='bbox 805 3218 838 3273; x_wconf 86' lang='lat' dir='ltr'><strong><em>iis</em></strong></span> <span class='ocrx_word' id='word_1_483' title='bbox 852 3219 878 3273; x_wconf 93' lang='lat' dir='ltr'><strong><em>in</em></strong></span> <span class='ocrx_word' id='word_1_484' title='bbox 894 3219 973 3286; x_wconf 90' lang='lat' dir='ltr'><strong><em>locis,</em></strong></span> <span class='ocrx_word' id='word_1_485' title='bbox 990 3221 1016 3274; x_wconf 91' lang='lat' dir='ltr'><strong><em>in</em></strong></span> <span class='ocrx_word' id='word_1_486' title='bbox 1069 3218 1150 3272; x_wconf 87' lang='lat' dir='ltr'><strong><em>dere:</em></strong></span> <span class='ocrx_word' id='word_1_487' title='bbox 1166 3215 1237 3270; x_wconf 89' lang='lat' dir='ltr'><strong><em>iinde</em></strong></span> <span class='ocrx_word' id='word_1_488' title='bbox 1254 3215 1354 3270; x_wconf 86' lang='lat' dir='ltr'><strong><em>iterum</em></strong></span> <span class='ocrx_word' id='word_1_489' title='bbox 1369 3214 1396 3267; x_wconf 93' lang='lat' dir='ltr'><strong><em>in</em></strong></span> <span class='ocrx_word' id='word_1_490' title='bbox 1410 3211 1535 3268; x_wconf 78' lang='lat' dir='ltr'><strong><em>Crocum</em></strong></span> <span class='ocrx_word' id='word_1_491' title='bbox 1551 3220 1579 3267; x_wconf 91' lang='lat' dir='ltr'><strong><em>et</em></strong></span> <span class='ocrx_word' id='word_1_492' title='bbox 1593 3210 1717 3267; x_wconf 87' lang='lat' dir='ltr'><strong><em>Latinum</em></strong></span> <span class='ocrx_word' id='word_1_493' title='bbox 1727 3211 1873 3283; x_wconf 86' lang='lat' dir='ltr'><strong><em>exemplar</em></strong></span> 
     </span>
     <span class='ocr_line' id='line_1_34' title="bbox 219 3305 1873 3382; baseline -0.002 -17"><span class='ocrx_word' id='word_1_494' title='bbox 219 3310 318 3382; x_wconf 80' lang='lat' dir='ltr'><strong><em>quibus</em></strong></span> <span class='ocrx_word' id='word_1_495' title='bbox 333 3310 403 3380; x_wconf 91' lang='lat' dir='ltr'><strong><em>apud</em></strong></span> <span class='ocrx_word' id='word_1_496' title='bbox 432 3309 705 3366; x_wconf 82' lang='lat' dir='ltr'><strong><em>Luciferumatcum</em></strong></span> <span class='ocrx_word' id='word_1_497' title='bbox 732 3312 850 3381; x_wconf 77' lang='lat' dir='ltr'><strong><em>antinum</em></strong></span> <span class='ocrx_word' id='word_1_498' title='bbox 878 3310 1019 3369; x_wconf 85' lang='lat' dir='ltr'><strong><em>Versiouis</em></strong></span> <span class='ocrx_word' id='word_1_499' title='bbox 1070 3309 1243 3366; x_wconf 86' lang='lat' dir='ltr'><strong><em>inserendam</em></strong></span> <span class='ocrx_word' id='word_1_500' title='bbox 1269 3307 1421 3363; x_wconf 90' lang='lat' dir='ltr'><strong><em>rectissime</em></strong></span> <span class='ocrx_word' id='word_1_501' title='bbox 1439 3305 1558 3362; x_wconf 90' lang='lat' dir='ltr'><strong><em>censuit.</em></strong></span> <span class='ocrx_word' id='word_1_502' title='bbox 1573 3309 1662 3376; x_wconf 78' lang='lat' dir='ltr'><strong><em>Atque</em></strong></span> <span class='ocrx_word' id='word_1_503' title='bbox 1676 3305 1729 3360; x_wconf 92' lang='lat' dir='ltr'><strong><em>lioc</em></strong></span> <span class='ocrx_word' id='word_1_504' title='bbox 1752 3307 1777 3360; x_wconf 93' lang='lat' dir='ltr'><strong><em>io</em></strong></span> <span class='ocrx_word' id='word_1_505' title='bbox 1808 3305 1873 3362; x_wconf 86' lang='lat' dir='ltr'><strong><em>loeo</em></strong></span> 
     </span>
     <span class='ocr_line' id='line_1_35' title="bbox 221 3397 1871 3472; baseline -0.004 -13"><span class='ocrx_word' id='word_1_506' title='bbox 221 3403 337 3459; x_wconf 79' lang='lat' dir='ltr'><strong><em>diversas</em></strong></span> <span class='ocrx_word' id='word_1_507' title='bbox 352 3414 427 3471; x_wconf 93' lang='lat' dir='ltr'><strong><em>sum,</em></strong></span> <span class='ocrx_word' id='word_1_508' title='bbox 443 3418 491 3460; x_wconf 87' lang='lat' dir='ltr'><strong><em>ens</em></strong></span> <span class='ocrx_word' id='word_1_509' title='bbox 506 3405 675 3471; x_wconf 82' lang='lat' dir='ltr'><strong><em>exscribere,</em></strong></span> <span class='ocrx_word' id='word_1_510' title='bbox 688 3413 716 3459; x_wconf 93' lang='lat' dir='ltr'><strong><em>ut</em></strong></span> <span class='ocrx_word' id='word_1_511' title='bbox 734 3403 905 3461; x_wconf 85' lang='lat' dir='ltr'><strong><em>Luciferiana</em></strong></span> <span class='ocrx_word' id='word_1_512' title='bbox 922 3405 1019 3461; x_wconf 82' lang='lat' dir='ltr'><strong><em>Versio</em></strong></span> <span class='ocrx_word' id='word_1_513' title='bbox 1070 3401 1185 3458; x_wconf 86' lang='lat' dir='ltr'><strong><em>ililliuni</em></strong></span> <span class='ocrx_word' id='word_1_514' title='bbox 1201 3399 1404 3472; x_wconf 88' lang='lat' dir='ltr'><strong><em>reprelienderc</em></strong></span> <span class='ocrx_word' id='word_1_515' title='bbox 1417 3398 1509 3462; x_wconf 86' lang='lat' dir='ltr'><strong><em>licent,</em></strong></span> <span class='ocrx_word' id='word_1_516' title='bbox 1525 3400 1571 3470; x_wconf 87' lang='lat' dir='ltr'><strong><em>qui</em></strong></span> <span class='ocrx_word' id='word_1_517' title='bbox 1585 3397 1619 3452; x_wconf 86' lang='lat' dir='ltr'><strong><em>nd</em></strong></span> <span class='ocrx_word' id='word_1_518' title='bbox 1635 3414 1710 3454; x_wconf 85' lang='lat' dir='ltr'><strong><em>uuiti.</em></strong></span> <span class='ocrx_word' id='word_1_519' title='bbox 1730 3397 1785 3455; x_wconf 79' lang='lat' dir='ltr'><strong><em>stt</em></strong></span> <span class='ocrx_word' id='word_1_520' title='bbox 1800 3397 1871 3454; x_wconf 82' lang='lat' dir='ltr'><strong><em>Pro·</em></strong></span> 
     </span>
     <span class='ocr_line' id='line_1_36' title="bbox 223 3489 1872 3567; baseline -0.003 -16"><span class='ocrx_word' id='word_1_521' title='bbox 223 3496 313 3566; x_wconf 83' lang='lat' dir='ltr'><strong><em>aliquo</em></strong></span> <span class='ocrx_word' id='word_1_522' title='bbox 327 3496 486 3553; x_wconf 89' lang='lat' dir='ltr'><strong><em>testimonio</em></strong></span> <span class='ocrx_word' id='word_1_523' title='bbox 508 3496 713 3566; x_wconf 84' lang='lat' dir='ltr'><strong><em>comprobetur,</em></strong></span> <span class='ocrx_word' id='word_1_524' title='bbox 730 3512 781 3553; x_wconf 90' lang='lat' dir='ltr'><strong><em>uec</em></strong></span> <span class='ocrx_word' id='word_1_525' title='bbox 796 3497 885 3553; x_wconf 87' lang='lat' dir='ltr'><strong><em>varias</em></strong></span> <span class='ocrx_word' id='word_1_526' title='bbox 897 3497 989 3553; x_wconf 87' lang='lat' dir='ltr'><strong><em>itidem</em></strong></span> <span class='ocrx_word' id='word_1_527' title='bbox 1003 3514 1018 3552; x_wconf 83' lang='lat' dir='ltr'><strong><em>a</em></strong></span> <span class='ocrx_word' id='word_1_528' title='bbox 1071 3496 1124 3567; x_wconf 89' lang='lat' dir='ltr'><strong><em>leg.</em></strong></span> <span class='ocrx_word' id='word_1_529' title='bbox 1139 3494 1257 3550; x_wconf 87' lang='lat' dir='ltr'><strong><em>aflcreus</em></strong></span> <span class='ocrx_word' id='word_1_530' title='bbox 1281 3508 1313 3546; x_wconf 83' lang='lat' dir='ltr'><strong><em>en</em></strong></span> <span class='ocrx_word' id='word_1_531' title='bbox 1340 3489 1482 3547; x_wconf 84' lang='lat' dir='ltr'><strong><em>Clemente</em></strong></span> <span class='ocrx_word' id='word_1_532' title='bbox 1506 3489 1699 3546; x_wconf 72' lang='lat' dir='ltr'><strong><em>Alexandrino</em></strong></span> <span class='ocrx_word' id='word_1_533' title='bbox 1714 3489 1774 3545; x_wconf 74' lang='lat' dir='ltr'><strong><em>ilaec</em></strong></span> <span class='ocrx_word' id='word_1_534' title='bbox 1787 3490 1872 3546; x_wconf 81' lang='lat' dir='ltr'><strong><em>uerita</em></strong></span> 
     </span>
     <span class='ocr_line' id='line_1_37' title="bbox 220 3582 1873 3658; baseline 0.002 -13"><span class='ocrx_word' id='word_1_535' title='bbox 220 3589 325 3645; x_wconf 82' lang='lat' dir='ltr'><strong><em>filiano</em></strong></span> <span class='ocrx_word' id='word_1_536' title='bbox 350 3588 472 3645; x_wconf 87' lang='lat' dir='ltr'><strong><em>editione</em></strong></span> <span class='ocrx_word' id='word_1_537' title='bbox 485 3589 623 3647; x_wconf 89' lang='lat' dir='ltr'><strong><em>dictiones</em></strong></span> <span class='ocrx_word' id='word_1_538' title='bbox 637 3594 764 3648; x_wconf 88' lang='lat' dir='ltr'><strong><em>omittere</em></strong></span> <span class='ocrx_word' id='word_1_539' title='bbox 785 3592 1017 3658; x_wconf 83' lang='lat' dir='ltr'><strong><em>satinsduiiiuns,</em></strong></span> <span class='ocrx_word' id='word_1_540' title='bbox 1071 3587 1194 3656; x_wconf 75' lang='lat' dir='ltr'><strong><em>epistole</em></strong></span> <span class='ocrx_word' id='word_1_541' title='bbox 1221 3585 1297 3641; x_wconf 72' lang='lat' dir='ltr'><strong><em>lodie</em></strong></span> <span class='ocrx_word' id='word_1_542' title='bbox 1318 3600 1390 3640; x_wconf 85' lang='lat' dir='ltr'><strong><em>vers.</em></strong></span> <span class='ocrx_word' id='word_1_543' title='bbox 1410 3583 1426 3639; x_wconf 90' lang='grc' dir='ltr'>θ</span> <span class='ocrx_word' id='word_1_544' title='bbox 1444 3592 1574 3657; x_wconf 74' lang='lat' dir='ltr'><strong><em>:erepsit</em></strong></span> <span class='ocrx_word' id='word_1_545' title='bbox 1599 3582 1692 3645; x_wconf 72' lang='lat' dir='ltr'><strong><em>arlico</em></strong></span> <span class='ocrx_word' id='word_1_546' title='bbox 1717 3584 1771 3641; x_wconf 76' lang='grc' dir='ltr'><strong><em>ὑπὸ</em></strong></span> <span class='ocrx_word' id='word_1_547' title='bbox 1799 3585 1873 3658; x_wconf 66' lang='grc' dir='ltr'><strong>ζόφον</strong></span> 
     </span>
     <span class='ocr_line' id='line_1_38' title="bbox 222 3676 1875 3757; baseline -0.004 -20"><span class='ocrx_word' id='word_1_548' title='bbox 222 3698 291 3755; x_wconf 83' lang='lat' dir='ltr'><strong><em>quas</em></strong></span> <span class='ocrx_word' id='word_1_549' title='bbox 304 3684 331 3737; x_wconf 90' lang='lat' dir='ltr'><strong><em>iu</em></strong></span> <span class='ocrx_word' id='word_1_550' title='bbox 344 3683 403 3755; x_wconf 89' lang='lat' dir='ltr'><strong><em>ipso</em></strong></span> <span class='ocrx_word' id='word_1_551' title='bbox 417 3683 543 3741; x_wconf 90' lang='lat' dir='ltr'><strong><em>Lucifero</em></strong></span> <span class='ocrx_word' id='word_1_552' title='bbox 557 3682 670 3741; x_wconf 80' lang='lat' dir='ltr'><strong><em>exliiltet</em></strong></span> <span class='ocrx_word' id='word_1_553' title='bbox 695 3684 824 3741; x_wconf 89' lang='lat' dir='ltr'><strong><em>idemmet</em></strong></span> <span class='ocrx_word' id='word_1_554' title='bbox 837 3685 1020 3752; x_wconf 86' lang='lat' dir='ltr'><strong><em>Sabatierius,</em></strong></span> <span class='ocrx_word' id='word_1_555' title='bbox 1072 3684 1168 3756; x_wconf 70' lang='grc' dir='ltr'><strong>ἀγρίων</strong></span> <span class='ocrx_word' id='word_1_556' title='bbox 1182 3680 1295 3754; x_wconf 72' lang='grc' dir='ltr'><strong><em>ἀγγέλων</em></strong></span> <span class='ocrx_word' id='word_1_557' title='bbox 1305 3683 1453 3757; x_wconf 73' lang='grc' dir='ltr'>τετήρηκεν,</span> <span class='ocrx_word' id='word_1_558' title='bbox 1464 3676 1539 3741; x_wconf 77' lang='lat' dir='ltr'><strong><em>fiac,</em></strong></span> <span class='ocrx_word' id='word_1_559' title='bbox 1549 3676 1653 3744; x_wconf 83' lang='lat' dir='ltr'><strong><em>subdit,</em></strong></span> <span class='ocrx_word' id='word_1_560' title='bbox 1668 3677 1759 3731; x_wconf 89' lang='lat' dir='ltr'><strong><em>ordine</em></strong></span> <span class='ocrx_word' id='word_1_561' title='bbox 1772 3691 1875 3746; x_wconf 88' lang='lat' dir='ltr'><strong><em>proepo-</em></strong></span> 
     </span>
     <span class='ocr_line' id='line_1_39' title="bbox 223 3768 1873 3850; baseline -0.005 -17"><span class='ocrx_word' id='word_1_562' title='bbox 223 3777 287 3833; x_wconf 84' lang='lat' dir='ltr'><strong><em>ditm</em></strong></span> <span class='ocrx_word' id='word_1_563' title='bbox 301 3775 418 3833; x_wconf 73' lang='lat' dir='ltr'><strong><em>Luciferi</em></strong></span> <span class='ocrx_word' id='word_1_564' title='bbox 434 3777 589 3834; x_wconf 82' lang='lat' dir='ltr'><strong><em>testimonio</em></strong></span> <span class='ocrx_word' id='word_1_565' title='bbox 606 3779 633 3834; x_wconf 90' lang='lat' dir='ltr'><strong><em>in</em></strong></span> <span class='ocrx_word' id='word_1_566' title='bbox 655 3794 734 3834; x_wconf 92' lang='lat' dir='ltr'><strong><em>suum</em></strong></span> <span class='ocrx_word' id='word_1_567' title='bbox 751 3793 821 3849; x_wconf 91' lang='lat' dir='ltr'><strong><em>opus</em></strong></span> <span class='ocrx_word' id='word_1_568' title='bbox 835 3779 1021 3850; x_wconf 70' lang='lat' dir='ltr'><strong><em>importatur</em></strong></span> <span class='ocrx_word' id='word_1_569' title='bbox 1072 3783 1140 3829; x_wconf 90' lang='lat' dir='ltr'><strong><em>rtero</em></strong></span> <span class='ocrx_word' id='word_1_570' title='bbox 1148 3774 1339 3846; x_wconf 79' lang='lat' dir='ltr'><strong><em>representavit</em></strong></span> <span class='ocrx_word' id='word_1_571' title='bbox 1352 3771 1555 3847; x_wconf 80' lang='lat' dir='ltr'><strong><em>senila,·ippiao</em></strong></span> <span class='ocrx_word' id='word_1_572' title='bbox 1567 3785 1702 3849; x_wconf 89' lang='lat' dir='ltr'><strong><em>perperam</em></strong></span> <span class='ocrx_word' id='word_1_573' title='bbox 1712 3785 1762 3838; x_wconf 92' lang='lat' dir='ltr'><strong><em>pro</em></strong></span> <span class='ocrx_word' id='word_1_574' title='bbox 1772 3768 1873 3841; x_wconf 72' lang='lat' dir='ltr'><strong><em>inpios:</em></strong></span> 
     </span>
     <span class='ocr_line' id='line_1_40' title="bbox 224 3860 1873 3940; baseline -0.005 -15"><span class='ocrx_word' id='word_1_575' title='bbox 224 3869 304 3925; x_wconf 81' lang='lat' dir='ltr'><strong><em>nubis</em></strong></span> <span class='ocrx_word' id='word_1_576' title='bbox 316 3868 402 3924; x_wconf 90' lang='lat' dir='ltr'><strong><em>multo</em></strong></span> <span class='ocrx_word' id='word_1_577' title='bbox 415 3868 585 3925; x_wconf 88' lang='lat' dir='ltr'><strong><em>commodius</em></strong></span> <span class='ocrx_word' id='word_1_578' title='bbox 604 3869 750 3940; x_wconf 86' lang='lat' dir='ltr'><strong><em>utiliusque</em></strong></span> <span class='ocrx_word' id='word_1_579' title='bbox 761 3870 848 3924; x_wconf 85' lang='lat' dir='ltr'><strong><em>risum</em></strong></span> <span class='ocrx_word' id='word_1_580' title='bbox 862 3879 904 3925; x_wconf 90' lang='lat' dir='ltr'><strong><em>est</em></strong></span> <span class='ocrx_word' id='word_1_581' title='bbox 925 3871 951 3924; x_wconf 93' lang='lat' dir='ltr'><strong><em>in</em></strong></span> <span class='ocrx_word' id='word_1_582' title='bbox 968 3886 1022 3926; x_wconf 90' lang='lat' dir='ltr'><strong><em>itno</em></strong></span> <span class='ocrx_word' id='word_1_583' title='bbox 1074 3870 1135 3938; x_wconf 91' lang='lat' dir='ltr'><strong><em>poni</em></strong></span> <span class='ocrx_word' id='word_1_584' title='bbox 1148 3878 1232 3923; x_wconf 86' lang='lat' dir='ltr'><strong><em>anteon</em></strong></span> <span class='ocrx_word' id='word_1_585' title='bbox 1245 3867 1318 3922; x_wconf 82' lang='lat' dir='ltr'><strong><em>delet</em></strong></span> <span class='ocrx_word' id='word_1_586' title='bbox 1332 3866 1410 3940; x_wconf 69' lang='grc' dir='ltr'><strong>ἁγίων</strong></span> <span class='ocrx_word' id='word_1_587' title='bbox 1422 3865 1535 3938; x_wconf 77' lang='lat' dir='ltr'><strong><em>lippilon</em></strong></span> <span class='ocrx_word' id='word_1_588' title='bbox 1560 3872 1618 3937; x_wconf 87' lang='lat' dir='ltr'><strong><em>post</em></strong></span> <span class='ocrx_word' id='word_1_589' title='bbox 1630 3860 1734 3927; x_wconf 78' lang='grc' dir='ltr'><strong><em>ἀιδίοις,</em></strong></span> <span class='ocrx_word' id='word_1_590' title='bbox 1748 3862 1820 3933; x_wconf 77' lang='lat' dir='ltr'><strong><em>qaod</em></strong></span> <span class='ocrx_word' id='word_1_591' title='bbox 1833 3872 1873 3918; x_wconf 91' lang='lat' dir='ltr'><strong><em>to·</em></strong></span> 
     </span>
     <span class='ocr_line' id='line_1_41' title="bbox 224 3959 1875 4034; baseline -0.002 -15"><span class='ocrx_word' id='word_1_592' title='bbox 224 3961 353 4019; x_wconf 87' lang='lat' dir='ltr'><strong><em>Lucifero</em></strong></span> <span class='ocrx_word' id='word_1_593' title='bbox 361 3963 572 4032; x_wconf 83' lang='lat' dir='ltr'><strong><em>esenipinrsnue</em></strong></span> <span class='ocrx_word' id='word_1_594' title='bbox 583 3962 827 4017; x_wconf 78' lang='lat' dir='ltr'><strong><em>incidenti-simum</em></strong></span> <span class='ocrx_word' id='word_1_595' title='bbox 840 3962 959 4034; x_wconf 78' lang='lat' dir='ltr'><strong><em>tritono</em></strong></span> <span class='ocrx_word' id='word_1_596' title='bbox 971 3962 1024 4019; x_wconf 85' lang='lat' dir='ltr'><strong><em>La·</em></strong></span> <span class='ocrx_word' id='word_1_597' title='bbox 1073 3973 1126 4018; x_wconf 90' lang='lat' dir='ltr'><strong><em>tnm</em></strong></span> <span class='ocrx_word' id='word_1_598' title='bbox 1136 3980 1168 4018; x_wconf 80' lang='lat' dir='ltr'><strong><em>en</em></strong></span> <span class='ocrx_word' id='word_1_599' title='bbox 1183 3962 1304 4031; x_wconf 78' lang='lat' dir='ltr'><strong><em>Lucifero</em></strong></span> <span class='ocrx_word' id='word_1_600' title='bbox 1319 3960 1472 4017; x_wconf 86' lang='lat' dir='ltr'><strong><em>Caloritano</em></strong></span> <span class='ocrx_word' id='word_1_601' title='bbox 1485 3960 1619 4014; x_wconf 85' lang='lat' dir='ltr'><strong><em>discirrms.</em></strong></span> <span class='ocrx_word' id='word_1_602' title='bbox 1636 3960 1742 4016; x_wconf 86' lang='lat' dir='ltr'><strong><em>Deinde</em></strong></span> <span class='ocrx_word' id='word_1_603' title='bbox 1758 3959 1788 4016; x_wconf 91' lang='lat' dir='ltr'><strong><em>iu</em></strong></span> <span class='ocrx_word' id='word_1_604' title='bbox 1805 3961 1875 4016; x_wconf 81' lang='lat' dir='ltr'><strong><em>nimis</em></strong></span> 
     </span>
     <span class='ocr_line' id='line_1_42' title="bbox 224 4050 1875 4125; baseline 0.001 -20"><span class='ocrx_word' id='word_1_605' title='bbox 224 4050 286 4107; x_wconf 78' lang='lat' dir='ltr'><strong><em>tinto</em></strong></span> <span class='ocrx_word' id='word_1_606' title='bbox 301 4050 436 4106; x_wconf 78' lang='lat' dir='ltr'><strong><em>l&#39;ersionis</em></strong></span> <span class='ocrx_word' id='word_1_607' title='bbox 448 4052 602 4121; x_wconf 80' lang='lat' dir='ltr'><strong><em>legentibus</em></strong></span> <span class='ocrx_word' id='word_1_608' title='bbox 613 4051 725 4118; x_wconf 89' lang='lat' dir='ltr'><strong><em>offerre,</em></strong></span> <span class='ocrx_word' id='word_1_609' title='bbox 741 4051 866 4123; x_wconf 80' lang='lat' dir='ltr'><strong><em>idemque</em></strong></span> <span class='ocrx_word' id='word_1_610' title='bbox 884 4054 1022 4121; x_wconf 78' lang='lat' dir='ltr'><strong><em>cotelerii,</em></strong></span> <span class='ocrx_word' id='word_1_611' title='bbox 1074 4056 1113 4112; x_wconf 90' lang='lat' dir='ltr'><strong><em>llli</em></strong></span> <span class='ocrx_word' id='word_1_612' title='bbox 1124 4057 1201 4112; x_wconf 80' lang='lat' dir='ltr'><strong><em>iuilm</em></strong></span> <span class='ocrx_word' id='word_1_613' title='bbox 1217 4058 1374 4112; x_wconf 86' lang='lat' dir='ltr'><strong><em>testimonio</em></strong></span> <span class='ocrx_word' id='word_1_614' title='bbox 1385 4056 1517 4125; x_wconf 88' lang='lat' dir='ltr'><strong><em>adpositis</em></strong></span> <span class='ocrx_word' id='word_1_615' title='bbox 1527 4069 1542 4109; x_wconf 91' lang='lat' dir='ltr'><strong><em>a</em></strong></span> <span class='ocrx_word' id='word_1_616' title='bbox 1553 4069 1583 4109; x_wconf 91' lang='lat' dir='ltr'><strong><em>se</em></strong></span> <span class='ocrx_word' id='word_1_617' title='bbox 1594 4053 1654 4123; x_wconf 89' lang='lat' dir='ltr'><strong><em>ipse</em></strong></span> <span class='ocrx_word' id='word_1_618' title='bbox 1667 4054 1800 4110; x_wconf 87' lang='lat' dir='ltr'><strong><em>dissentit</em></strong></span> <span class='ocrx_word' id='word_1_619' title='bbox 1809 4053 1875 4110; x_wconf 86' lang='lat' dir='ltr'><strong><em>scri·</em></strong></span> 
     </span>
     <span class='ocr_line' id='line_1_43' title="bbox 225 4142 1876 4221; baseline 0.001 -22"><span class='ocrx_word' id='word_1_620' title='bbox 225 4155 254 4200; x_wconf 85' lang='lat' dir='ltr'><strong><em>et</em></strong></span> <span class='ocrx_word' id='word_1_621' title='bbox 268 4142 357 4209; x_wconf 84' lang='lat' dir='ltr'><strong><em>iiillil,</em></strong></span> <span class='ocrx_word' id='word_1_622' title='bbox 371 4151 399 4198; x_wconf 92' lang='lat' dir='ltr'><strong><em>et</em></strong></span> <span class='ocrx_word' id='word_1_623' title='bbox 424 4143 510 4213; x_wconf 89' lang='lat' dir='ltr'><strong><em>ipsius</em></strong></span> <span class='ocrx_word' id='word_1_624' title='bbox 534 4143 682 4199; x_wconf 82' lang='lat' dir='ltr'><strong><em>solioiieiii</em></strong></span> <span class='ocrx_word' id='word_1_625' title='bbox 695 4157 759 4212; x_wconf 86' lang='lat' dir='ltr'><strong><em>ope,</em></strong></span> <span class='ocrx_word' id='word_1_626' title='bbox 775 4158 856 4214; x_wconf 80' lang='lat' dir='ltr'><strong><em>quain</em></strong></span> <span class='ocrx_word' id='word_1_627' title='bbox 868 4160 901 4199; x_wconf 85' lang='lat' dir='ltr'><strong><em>es</em></strong></span> <span class='ocrx_word' id='word_1_628' title='bbox 916 4144 1023 4200; x_wconf 89' lang='lat' dir='ltr'><strong><em>illorum</em></strong></span> <span class='ocrx_word' id='word_1_629' title='bbox 1075 4152 1154 4214; x_wconf 81' lang='lat' dir='ltr'><strong><em>benis,</em></strong></span> <span class='ocrx_word' id='word_1_630' title='bbox 1172 4150 1327 4207; x_wconf 76' lang='lat' dir='ltr'><strong><em>Luciferum</em></strong></span> <span class='ocrx_word' id='word_1_631' title='bbox 1341 4161 1496 4218; x_wconf 87' lang='lat' dir='ltr'><strong><em>corruptam</em></strong></span> <span class='ocrx_word' id='word_1_632' title='bbox 1510 4149 1610 4218; x_wconf 78' lang='lat' dir='ltr'><strong><em>legisse</em></strong></span> <span class='ocrx_word' id='word_1_633' title='bbox 1621 4161 1718 4203; x_wconf 80' lang='lat' dir='ltr'><strong><em>uocem</em></strong></span> <span class='ocrx_word' id='word_1_634' title='bbox 1735 4147 1818 4221; x_wconf 66' lang='lat' dir='ltr'><strong><em>ipius</em></strong></span> <span class='ocrx_word' id='word_1_635' title='bbox 1829 4161 1876 4218; x_wconf 87' lang='lat' dir='ltr'><strong><em>pro</em></strong></span> 
     </span>
     <span class='ocr_line' id='line_1_44' title="bbox 227 4234 1873 4320; baseline 0.002 -29"><span class='ocrx_word' id='word_1_636' title='bbox 227 4234 510 4292; x_wconf 74' lang='lat' dir='ltr'><strong><em>animadversionibus</em></strong></span> <span class='ocrx_word' id='word_1_637' title='bbox 523 4235 601 4290; x_wconf 88' lang='lat' dir='ltr'><strong><em>nolnis</em></strong></span> <span class='ocrx_word' id='word_1_638' title='bbox 613 4235 843 4306; x_wconf 82' lang='lat' dir='ltr'><strong><em>coiiiparaiinius,</em></strong></span> <span class='ocrx_word' id='word_1_639' title='bbox 858 4245 1023 4302; x_wconf 85' lang='lat' dir='ltr'><strong><em>correctum,</em></strong></span> <span class='ocrx_word' id='word_1_640' title='bbox 1075 4247 1171 4320; x_wconf 79' lang='lat' dir='ltr'><strong><em>ippion</em></strong></span> <span class='ocrx_word' id='word_1_641' title='bbox 1185 4262 1192 4298; x_wconf 90' lang='lat'>:</span> <span class='ocrx_word' id='word_1_642' title='bbox 1204 4245 1306 4314; x_wconf 77' lang='lat' dir='ltr'><strong><em>integro</em></strong></span> <span class='ocrx_word' id='word_1_643' title='bbox 1317 4242 1390 4299; x_wconf 81' lang='lat' dir='ltr'><strong><em>enini</em></strong></span> <span class='ocrx_word' id='word_1_644' title='bbox 1401 4251 1430 4298; x_wconf 86' lang='grc' dir='ltr'><strong><em>ει</em></strong></span> <span class='ocrx_word' id='word_1_645' title='bbox 1443 4251 1516 4297; x_wconf 84' lang='lat' dir='ltr'><strong><em>recto</em></strong></span> <span class='ocrx_word' id='word_1_646' title='bbox 1531 4251 1573 4296; x_wconf 89' lang='lat' dir='ltr'><strong><em>est</em></strong></span> <span class='ocrx_word' id='word_1_647' title='bbox 1584 4238 1702 4296; x_wconf 80' lang='lat' dir='ltr'><strong><em>Luciferi</em></strong></span> <span class='ocrx_word' id='word_1_648' title='bbox 1715 4239 1800 4296; x_wconf 88' lang='lat' dir='ltr'><strong><em>lectio</em></strong></span> <span class='ocrx_word' id='word_1_649' title='bbox 1815 4253 1873 4310; x_wconf 71' lang='lat' dir='ltr'><strong><em>pag.</em></strong></span> 
     </span>
     <span class='ocr_line' id='line_1_45' title="bbox 226 4327 1874 4410; baseline 0 -23"><span class='ocrx_word' id='word_1_650' title='bbox 226 4338 257 4388; x_wconf 89' lang='lat' dir='ltr'><strong><em>et</em></strong></span> <span class='ocrx_word' id='word_1_651' title='bbox 274 4330 309 4386; x_wconf 81' lang='lat' dir='ltr'><strong><em>alr</em></strong></span> <span class='ocrx_word' id='word_1_652' title='bbox 329 4327 365 4386; x_wconf 90' lang='lat' dir='ltr'><strong><em>ils</em></strong></span> <span class='ocrx_word' id='word_1_653' title='bbox 378 4330 484 4386; x_wconf 88' lang='lat' dir='ltr'><strong><em>mendis</em></strong></span> <span class='ocrx_word' id='word_1_654' title='bbox 508 4340 737 4402; x_wconf 75' lang='lat' dir='ltr'><strong><em>purgatumque</em></strong></span> <span class='ocrx_word' id='word_1_655' title='bbox 753 4329 857 4387; x_wconf 90' lang='lat' dir='ltr'><strong><em>facilius</em></strong></span> <span class='ocrx_word' id='word_1_656' title='bbox 866 4331 1024 4404; x_wconf 86' lang='lat' dir='ltr'><strong><em>cujusquam</em></strong></span> <span class='ocrx_word' id='word_1_657' title='bbox 1077 4338 1122 4394; x_wconf 90' lang='lat' dir='ltr'><strong><em>liic</em></strong></span> <span class='ocrx_word' id='word_1_658' title='bbox 1132 4339 1168 4395; x_wconf 75' lang='grc' dir='ltr'><strong><em>θθ</em></strong></span> <span class='ocrx_word' id='word_1_659' title='bbox 1183 4337 1243 4410; x_wconf 89' lang='lat' dir='ltr'><strong><em>(col.</em></strong></span> <span class='ocrx_word' id='word_1_660' title='bbox 1256 4336 1318 4404; x_wconf 73' lang='lat' dir='ltr'><strong><em>illi)</em></strong></span> <span class='ocrx_word' id='word_1_661' title='bbox 1330 4336 1412 4389; x_wconf 88' lang='lat' dir='ltr'><strong><em>maloi</em></strong></span> <span class='ocrx_word' id='word_1_662' title='bbox 1427 4333 1557 4389; x_wconf 85' lang='lat' dir='ltr'><strong><em>nimirum</em></strong></span> <span class='ocrx_word' id='word_1_663' title='bbox 1569 4333 1677 4404; x_wconf 83' lang='lat' dir='ltr'><strong><em>onpelos</em></strong></span> <span class='ocrx_word' id='word_1_664' title='bbox 1689 4331 1805 4388; x_wconf 80' lang='lat' dir='ltr'><strong><em>sinesiis</em></strong></span> <span class='ocrx_word' id='word_1_665' title='bbox 1818 4347 1874 4387; x_wconf 66' lang='lat' dir='ltr'><strong><em>aas</em></strong></span> 
     </span>
     <span class='ocr_line' id='line_1_46' title="bbox 226 4421 1877 4503; baseline -0.005 -15"><span class='ocrx_word' id='word_1_666' title='bbox 226 4423 314 4482; x_wconf 68' lang='grc' dir='ltr'>θθιιΙῑθ</span> <span class='ocrx_word' id='word_1_667' title='bbox 325 4430 452 4495; x_wconf 60' lang='lat' dir='ltr'><strong><em>dolerent</em></strong></span> <span class='ocrx_word' id='word_1_668' title='bbox 462 4425 613 4481; x_wconf 65' lang='lat' dir='ltr'><strong><em>Oblirssiif·</em></strong></span> <span class='ocrx_word' id='word_1_669' title='bbox 1077 4427 1390 4503; x_wconf 77' lang='lat' dir='ltr'><strong><em>ctornmaopitarainino</em></strong></span> <span class='ocrx_word' id='word_1_670' title='bbox 1399 4427 1510 4482; x_wconf 84' lang='lat' dir='ltr'><strong><em>tenebris</em></strong></span> <span class='ocrx_word' id='word_1_671' title='bbox 1520 4425 1619 4480; x_wconf 77' lang='lat' dir='ltr'><strong><em>seriori·</em></strong></span> <span class='ocrx_word' id='word_1_672' title='bbox 1626 4441 1636 4490; x_wconf 89' lang='lat'><strong><em>,·</em></strong></span> <span class='ocrx_word' id='word_1_673' title='bbox 1644 4439 1706 4495; x_wconf 75' lang='lat' dir='ltr'><strong><em>qum</em></strong></span> <span class='ocrx_word' id='word_1_674' title='bbox 1714 4421 1830 4493; x_wconf 71' lang='lat' dir='ltr'><strong><em>quiden</em></strong></span> <span class='ocrx_word' id='word_1_675' title='bbox 1839 4422 1877 4479; x_wconf 86' lang='lat' dir='ltr'><strong><em>fo·</em></strong></span> 
     </span>
     <span class='ocr_line' id='line_1_47' title="bbox 267 4505 1876 4590; baseline -0.002 -15"><span class='ocrx_word' id='word_1_676' title='bbox 267 4517 366 4576; x_wconf 77' lang='lat' dir='ltr'><strong><em>Verum</em></strong></span> <span class='ocrx_word' id='word_1_677' title='bbox 383 4519 512 4575; x_wconf 88' lang='lat' dir='ltr'><strong><em>nonnulla</em></strong></span> <span class='ocrx_word' id='word_1_678' title='bbox 524 4519 617 4575; x_wconf 88' lang='lat' dir='ltr'><strong><em>insunt</em></strong></span> <span class='ocrx_word' id='word_1_679' title='bbox 631 4520 749 4576; x_wconf 80' lang='lat' dir='ltr'><strong><em>Luciferi</em></strong></span> <span class='ocrx_word' id='word_1_680' title='bbox 763 4519 852 4588; x_wconf 83' lang='lat' dir='ltr'><strong><em>libris,</em></strong></span> <span class='ocrx_word' id='word_1_681' title='bbox 867 4537 928 4590; x_wconf 83' lang='lat' dir='ltr'><strong><em>uuae</em></strong></span> <span class='ocrx_word' id='word_1_682' title='bbox 941 4522 1028 4578; x_wconf 88' lang='lat' dir='ltr'><strong><em>eorri·</em></strong></span> <span class='ocrx_word' id='word_1_683' title='bbox 1041 4505 1067 4566; x_wconf 73' lang='grc' dir='ltr'><strong><em>Ῐ)</em></strong></span> <span class='ocrx_word' id='word_1_684' title='bbox 1081 4536 1123 4581; x_wconf 86' lang='lat' dir='ltr'><strong><em>ret</em></strong></span> <span class='ocrx_word' id='word_1_685' title='bbox 1137 4539 1202 4580; x_wconf 85' lang='lat' dir='ltr'><strong><em>sero</em></strong></span> <span class='ocrx_word' id='word_1_686' title='bbox 1218 4520 1371 4584; x_wconf 85' lang='lat' dir='ltr'><strong><em>dissimilis,</em></strong></span> <span class='ocrx_word' id='word_1_687' title='bbox 1384 4521 1407 4574; x_wconf 91' lang='lat' dir='ltr'><strong><em>si</em></strong></span> <span class='ocrx_word' id='word_1_688' title='bbox 1422 4519 1510 4575; x_wconf 83' lang='lat' dir='ltr'><strong><em>inuios</em></strong></span> <span class='ocrx_word' id='word_1_689' title='bbox 1524 4517 1637 4589; x_wconf 89' lang='lat' dir='ltr'><strong><em>augelus</em></strong></span> <span class='ocrx_word' id='word_1_690' title='bbox 1650 4533 1666 4572; x_wconf 92' lang='lat' dir='ltr'><strong><em>a</em></strong></span> <span class='ocrx_word' id='word_1_691' title='bbox 1686 4517 1769 4573; x_wconf 89' lang='lat' dir='ltr'><strong><em>malis</em></strong></span> <span class='ocrx_word' id='word_1_692' title='bbox 1785 4516 1876 4573; x_wconf 78' lang='lat' dir='ltr'><strong><em>itidem</em></strong></span> 
     </span>
     <span class='ocr_line' id='line_1_48' title="bbox 227 4607 1877 4688; baseline -0.003 -20"><span class='ocrx_word' id='word_1_693' title='bbox 227 4626 292 4683; x_wconf 89' lang='lat' dir='ltr'><strong><em>gere</em></strong></span> <span class='ocrx_word' id='word_1_694' title='bbox 307 4610 401 4666; x_wconf 84' lang='lat' dir='ltr'><strong><em>vitium</em></strong></span> <span class='ocrx_word' id='word_1_695' title='bbox 415 4609 497 4679; x_wconf 87' lang='lat' dir='ltr'><strong><em>foret,</em></strong></span> <span class='ocrx_word' id='word_1_696' title='bbox 507 4612 836 4681; x_wconf 80' lang='lat' dir='ltr'><strong><em>etsciiptorissemeiitim</em></strong></span> <span class='ocrx_word' id='word_1_697' title='bbox 849 4613 1029 4671; x_wconf 83' lang='lat' dir='ltr'><strong><em>adversaren-</em></strong></span> <span class='ocrx_word' id='word_1_698' title='bbox 1079 4617 1185 4688; x_wconf 87' lang='lat' dir='ltr'><strong><em>sngelis</em></strong></span> <span class='ocrx_word' id='word_1_699' title='bbox 1199 4615 1363 4670; x_wconf 89' lang='lat' dir='ltr'><strong><em>constrictos</em></strong></span> <span class='ocrx_word' id='word_1_700' title='bbox 1378 4610 1467 4673; x_wconf 86' lang='lat' dir='ltr'><strong><em>teneri</em></strong></span> <span class='ocrx_word' id='word_1_701' title='bbox 1488 4609 1669 4676; x_wconf 86' lang='lat' dir='ltr'><strong><em>enunciaret;</em></strong></span> <span class='ocrx_word' id='word_1_702' title='bbox 1688 4607 1795 4679; x_wconf 86' lang='lat' dir='ltr'><strong><em>dicitur¹</em></strong></span> <span class='ocrx_word' id='word_1_703' title='bbox 1807 4608 1877 4665; x_wconf 73' lang='lat' dir='ltr'><strong><em>euin</em></strong></span> 
     </span>
     <span class='ocr_line' id='line_1_49' title="bbox 229 4701 1878 4780; baseline 0 -21"><span class='ocrx_word' id='word_1_704' title='bbox 229 4703 600 4769; x_wconf 86' lang='lat' dir='ltr'><strong><em>tur,atutiitiuminiisdem</em></strong></span> <span class='ocrx_word' id='word_1_705' title='bbox 612 4704 844 4777; x_wconf 85' lang='lat' dir='ltr'><strong><em>deprehendatur.</em></strong></span> <span class='ocrx_word' id='word_1_706' title='bbox 854 4705 984 4776; x_wconf 84' lang='lat' dir='ltr'><strong><em>iixeinplo</em></strong></span> <span class='ocrx_word' id='word_1_707' title='bbox 994 4708 1030 4764; x_wconf 90' lang='lat' dir='ltr'><strong><em>sit</em></strong></span> <span class='ocrx_word' id='word_1_708' title='bbox 1079 4710 1193 4780; x_wconf 78' lang='lat' dir='ltr'><strong><em>ipocol.</em></strong></span> <span class='ocrx_word' id='word_1_709' title='bbox 1209 4725 1254 4775; x_wconf 85' lang='lat' dir='ltr'><strong><em>is,</em></strong></span> <span class='ocrx_word' id='word_1_710' title='bbox 1271 4710 1296 4774; x_wconf 90' lang='lat' dir='ltr'><strong><em>l,</em></strong></span> <span class='ocrx_word' id='word_1_711' title='bbox 1311 4707 1431 4777; x_wconf 80' lang='lat' dir='ltr'><strong><em>Angelus</em></strong></span> <span class='ocrx_word' id='word_1_712' title='bbox 1442 4705 1618 4760; x_wconf 88' lang='lat' dir='ltr'><strong><em>descendisse</em></strong></span> <span class='ocrx_word' id='word_1_713' title='bbox 1636 4702 1672 4759; x_wconf 91' lang='lat' dir='ltr'><strong><em>de</em></strong></span> <span class='ocrx_word' id='word_1_714' title='bbox 1685 4701 1760 4758; x_wconf 85' lang='lat' dir='ltr'><strong><em>coeic</em></strong></span> <span class='ocrx_word' id='word_1_715' title='bbox 1774 4701 1878 4759; x_wconf 73' lang='lat' dir='ltr'><strong><em>habent</em></strong></span> 
     </span>
     <span class='ocr_line' id='line_1_50' title="bbox 230 4793 1878 4873; baseline -0.001 -21"><span class='ocrx_word' id='word_1_716' title='bbox 230 4796 417 4852; x_wconf 89' lang='lat' dir='ltr'><strong><em>testiinonium</em></strong></span> <span class='ocrx_word' id='word_1_717' title='bbox 431 4796 463 4852; x_wconf 84' lang='lat' dir='ltr'><strong><em>[t.</em></strong></span> <span class='ocrx_word' id='word_1_718' title='bbox 478 4795 555 4851; x_wconf 78' lang='lat' dir='ltr'><strong><em>Pauli</em></strong></span> <span class='ocrx_word' id='word_1_719' title='bbox 566 4795 600 4852; x_wconf 87' lang='lat' dir='ltr'><strong><em>ud</em></strong></span> <span class='ocrx_word' id='word_1_720' title='bbox 613 4795 702 4852; x_wconf 85' lang='lat' dir='ltr'><strong><em>Galat.</em></strong></span> <span class='ocrx_word' id='word_1_721' title='bbox 716 4812 742 4863; x_wconf 83' lang='lat' dir='ltr'><strong><em>t,</em></strong></span> <span class='ocrx_word' id='word_1_722' title='bbox 754 4798 783 4864; x_wconf 81' lang='lat' dir='ltr'><strong><em>t,</em></strong></span> <span class='ocrx_word' id='word_1_723' title='bbox 795 4812 856 4869; x_wconf 85' lang='lat' dir='ltr'><strong><em>pag.</em></strong></span> <span class='ocrx_word' id='word_1_724' title='bbox 869 4798 956 4856; x_wconf 78' lang='lat' dir='ltr'><strong><em>liicid</em></strong></span> <span class='ocrx_word' id='word_1_725' title='bbox 965 4800 1028 4867; x_wconf 87' lang='lat' dir='ltr'><strong><em>(col.</em></strong></span> <span class='ocrx_word' id='word_1_726' title='bbox 1080 4804 1178 4860; x_wconf 83' lang='lat' dir='ltr'><strong><em>cionem</em></strong></span> <span class='ocrx_word' id='word_1_727' title='bbox 1191 4802 1292 4873; x_wconf 79' lang='lat' dir='ltr'><strong><em>cnossi,</em></strong></span> <span class='ocrx_word' id='word_1_728' title='bbox 1306 4811 1330 4854; x_wconf 91' lang='lat' dir='ltr'><strong><em>et</em></strong></span> <span class='ocrx_word' id='word_1_729' title='bbox 1350 4810 1464 4854; x_wconf 89' lang='lat' dir='ltr'><strong><em>catenam</em></strong></span> <span class='ocrx_word' id='word_1_730' title='bbox 1480 4813 1602 4870; x_wconf 77' lang='lat' dir='ltr'><strong><em>magnam</em></strong></span> <span class='ocrx_word' id='word_1_731' title='bbox 1616 4796 1643 4851; x_wconf 91' lang='lat' dir='ltr'><strong><em>in</em></strong></span> <span class='ocrx_word' id='word_1_732' title='bbox 1657 4812 1737 4851; x_wconf 82' lang='lat' dir='ltr'><strong><em>mans</em></strong></span> <span class='ocrx_word' id='word_1_733' title='bbox 1748 4811 1822 4861; x_wconf 73' lang='lat' dir='ltr'><strong><em>saa:</em></strong></span> <span class='ocrx_word' id='word_1_734' title='bbox 1836 4793 1878 4866; x_wconf 67' lang='lat' dir='ltr'><strong><em>otti</em></strong></span> 
     </span>
     <span class='ocr_line' id='line_1_51' title="bbox 231 4875 1878 4970; baseline -0.001 -26"><span class='ocrx_word' id='word_1_735' title='bbox 231 4875 476 4961; x_wconf 69' lang='lat' dir='ltr'><strong><em>imponunto</em></strong></span> <span class='ocrx_word' id='word_1_736' title='bbox 486 4890 675 4953; x_wconf 85' lang='lat' dir='ltr'><strong><em>consenseritis,</em></strong></span> <span class='ocrx_word' id='word_1_737' title='bbox 686 4891 774 4946; x_wconf 89' lang='lat' dir='ltr'><strong><em>snasio</em></strong></span> <span class='ocrx_word' id='word_1_738' title='bbox 785 4890 970 4948; x_wconf 81' lang='lat' dir='ltr'><strong><em>nestraeafleo</em></strong></span> <span class='ocrx_word' id='word_1_739' title='bbox 979 4903 1028 4958; x_wconf 83' lang='lat' dir='ltr'><strong><em>est,</em></strong></span> <span class='ocrx_word' id='word_1_740' title='bbox 1081 4896 1251 4970; x_wconf 71' lang='lat' dir='ltr'><strong><em>apprehendit</em></strong></span> <span class='ocrx_word' id='word_1_741' title='bbox 1270 4893 1428 4957; x_wconf 88' lang='lat' dir='ltr'><strong><em>draconem,</em></strong></span> <span class='ocrx_word' id='word_1_742' title='bbox 1444 4901 1590 4962; x_wconf 89' lang='lat' dir='ltr'><strong><em>serpentem</em></strong></span> <span class='ocrx_word' id='word_1_743' title='bbox 1609 4899 1770 4961; x_wconf 78' lang='lat' dir='ltr'><strong><em>antiquans,</em></strong></span> <span class='ocrx_word' id='word_1_744' title='bbox 1785 4889 1878 4960; x_wconf 69' lang='lat' dir='ltr'><strong><em>amat</em></strong></span> 
     </span>
     <span class='ocr_line' id='line_1_52' title="bbox 230 4980 1877 5058; baseline -0.002 -19"><span class='ocrx_word' id='word_1_745' title='bbox 230 4991 285 5039; x_wconf 85' lang='lat' dir='ltr'><strong><em>etc.</em></strong></span> <span class='ocrx_word' id='word_1_746' title='bbox 304 4981 377 5052; x_wconf 81' lang='lat' dir='ltr'><strong><em>qinoil</em></strong></span> <span class='ocrx_word' id='word_1_747' title='bbox 393 4996 456 5036; x_wconf 88' lang='lat' dir='ltr'><strong><em>cum</em></strong></span> <span class='ocrx_word' id='word_1_748' title='bbox 472 4980 588 5037; x_wconf 89' lang='lat' dir='ltr'><strong><em>Luciferi</em></strong></span> <span class='ocrx_word' id='word_1_749' title='bbox 611 4984 747 5039; x_wconf 88' lang='lat' dir='ltr'><strong><em>sententia</em></strong></span> <span class='ocrx_word' id='word_1_750' title='bbox 760 4985 864 5054; x_wconf 89' lang='lat' dir='ltr'><strong><em>optime</em></strong></span> <span class='ocrx_word' id='word_1_751' title='bbox 877 4985 1027 5052; x_wconf 86' lang='lat' dir='ltr'><strong><em>couneiiit;</em></strong></span> <span class='ocrx_word' id='word_1_752' title='bbox 1081 4989 1202 5044; x_wconf 78' lang='lat' dir='ltr'><strong><em>diabolas</em></strong></span> <span class='ocrx_word' id='word_1_753' title='bbox 1218 4999 1242 5043; x_wconf 91' lang='lat' dir='ltr'><strong><em>et</em></strong></span> <span class='ocrx_word' id='word_1_754' title='bbox 1256 4996 1377 5052; x_wconf 84' lang='lat' dir='ltr'><strong><em>satanas,</em></strong></span> <span class='ocrx_word' id='word_1_755' title='bbox 1393 4996 1417 5040; x_wconf 90' lang='lat' dir='ltr'><strong><em>et</em></strong></span> <span class='ocrx_word' id='word_1_756' title='bbox 1430 4985 1519 5058; x_wconf 80' lang='lat' dir='ltr'><strong><em>lipaoit</em></strong></span> <span class='ocrx_word' id='word_1_757' title='bbox 1547 4998 1605 5038; x_wconf 88' lang='lat' dir='ltr'><strong><em>enm</em></strong></span> <span class='ocrx_word' id='word_1_758' title='bbox 1631 4998 1677 5055; x_wconf 89' lang='lat' dir='ltr'><strong><em>per</em></strong></span> <span class='ocrx_word' id='word_1_759' title='bbox 1691 4997 1776 5036; x_wconf 89' lang='lat' dir='ltr'><strong><em>annos</em></strong></span> <span class='ocrx_word' id='word_1_760' title='bbox 1798 4980 1877 5037; x_wconf 80' lang='lat' dir='ltr'><strong><em>stilic</em></strong></span> 
     </span>
     <span class='ocr_line' id='line_1_53' title="bbox 230 5071 1877 5150; baseline -0.002 -19"><span class='ocrx_word' id='word_1_761' title='bbox 230 5075 255 5131; x_wconf 87' lang='lat' dir='ltr'><strong><em>is</em></strong></span> <span class='ocrx_word' id='word_1_762' title='bbox 269 5075 371 5132; x_wconf 89' lang='lat' dir='ltr'><strong><em>etenim</em></strong></span> <span class='ocrx_word' id='word_1_763' title='bbox 387 5072 496 5130; x_wconf 87' lang='lat' dir='ltr'><strong><em>scribit:</em></strong></span> <span class='ocrx_word' id='word_1_764' title='bbox 507 5071 697 5147; x_wconf 81' lang='lat' dir='ltr'><strong><em>Copnoscentes</em></strong></span> <span class='ocrx_word' id='word_1_765' title='bbox 711 5093 755 5133; x_wconf 83' lang='lat' dir='ltr'><strong><em>nos</em></strong></span> <span class='ocrx_word' id='word_1_766' title='bbox 769 5094 823 5132; x_wconf 89' lang='lat' dir='ltr'><strong><em>esse</em></strong></span> <span class='ocrx_word' id='word_1_767' title='bbox 835 5078 906 5133; x_wconf 87' lang='lat' dir='ltr'><strong><em>unici</em></strong></span> <span class='ocrx_word' id='word_1_768' title='bbox 915 5076 967 5132; x_wconf 79' lang='lat' dir='ltr'><strong><em>firi</em></strong></span> <span class='ocrx_word' id='word_1_769' title='bbox 981 5076 1030 5132; x_wconf 79' lang='lat' dir='ltr'><strong><em>Fi·</em></strong></span> <span class='ocrx_word' id='word_1_770' title='bbox 1081 5081 1233 5138; x_wconf 83' lang='lat' dir='ltr'><strong><em>Fatendum</em></strong></span> <span class='ocrx_word' id='word_1_771' title='bbox 1260 5087 1391 5150; x_wconf 74' lang='lat' dir='ltr'><strong><em>preterea</em></strong></span> <span class='ocrx_word' id='word_1_772' title='bbox 1416 5088 1478 5142; x_wconf 89' lang='lat' dir='ltr'><strong><em>est,</em></strong></span> <span class='ocrx_word' id='word_1_773' title='bbox 1503 5077 1556 5132; x_wconf 91' lang='lat' dir='ltr'><strong><em>alia</em></strong></span> <span class='ocrx_word' id='word_1_774' title='bbox 1571 5078 1654 5132; x_wconf 84' lang='lat' dir='ltr'><strong><em>etiarn</em></strong></span> <span class='ocrx_word' id='word_1_775' title='bbox 1667 5076 1694 5131; x_wconf 92' lang='lat' dir='ltr'><strong><em>in</em></strong></span> <span class='ocrx_word' id='word_1_776' title='bbox 1707 5074 1877 5132; x_wconf 83' lang='lat' dir='ltr'><strong><em>Luciferiatss</em></strong></span> 
     </span>
     <span class='ocr_line' id='line_1_54' title="bbox 230 5166 1880 5241; baseline 0.001 -20"><span class='ocrx_word' id='word_1_777' title='bbox 230 5167 363 5237; x_wconf 86' lang='lat' dir='ltr'><strong><em>fiiliostes‚</em></strong></span> <span class='ocrx_word' id='word_1_778' title='bbox 376 5167 491 5240; x_wconf 77' lang='lat' dir='ltr'><strong><em>{opimus</em></strong></span> <span class='ocrx_word' id='word_1_779' title='bbox 503 5167 606 5239; x_wconf 75' lang='lat' dir='ltr'><strong><em>nefaria</em></strong></span> <span class='ocrx_word' id='word_1_780' title='bbox 626 5170 736 5223; x_wconf 83' lang='lat' dir='ltr'><strong><em>coniitia</em></strong></span> <span class='ocrx_word' id='word_1_781' title='bbox 746 5179 840 5236; x_wconf 81' lang='lat' dir='ltr'><strong><em>cestra,</em></strong></span> <span class='ocrx_word' id='word_1_782' title='bbox 857 5179 1028 5241; x_wconf 86' lang='lat' dir='ltr'><strong><em>temperanter</em></strong></span> <span class='ocrx_word' id='word_1_783' title='bbox 1080 5172 1209 5229; x_wconf 79' lang='lat' dir='ltr'><strong><em>versione</em></strong></span> <span class='ocrx_word' id='word_1_784' title='bbox 1239 5170 1367 5236; x_wconf 83' lang='lat' dir='ltr'><strong><em>iiii-eniri,</em></strong></span> <span class='ocrx_word' id='word_1_785' title='bbox 1391 5183 1463 5239; x_wconf 83' lang='lat' dir='ltr'><strong><em>qinae,</em></strong></span> <span class='ocrx_word' id='word_1_786' title='bbox 1479 5169 1546 5224; x_wconf 89' lang='lat' dir='ltr'><strong><em>iicet</em></strong></span> <span class='ocrx_word' id='word_1_787' title='bbox 1571 5167 1700 5223; x_wconf 87' lang='lat' dir='ltr'><strong><em>ruendum</em></strong></span> <span class='ocrx_word' id='word_1_788' title='bbox 1716 5168 1751 5222; x_wconf 87' lang='lat' dir='ltr'><strong><em>iis</em></strong></span> <span class='ocrx_word' id='word_1_789' title='bbox 1768 5166 1880 5223; x_wconf 74' lang='lat' dir='ltr'><strong><em>subesse</em></strong></span> 
     </span>
     <span class='ocr_line' id='line_1_55' title="bbox 228 5258 1881 5338; baseline 0 -23"><span class='ocrx_word' id='word_1_790' title='bbox 228 5261 286 5315; x_wconf 81' lang='lat' dir='ltr'><strong><em>soci</em></strong></span> <span class='ocrx_word' id='word_1_791' title='bbox 296 5259 436 5331; x_wconf 82' lang='lat' dir='ltr'><strong><em>Apostoli:</em></strong></span> <span class='ocrx_word' id='word_1_792' title='bbox 453 5259 506 5328; x_wconf 82' lang='lat' dir='ltr'><strong><em>Qui</em></strong></span> <span class='ocrx_word' id='word_1_793' title='bbox 524 5260 621 5314; x_wconf 86' lang='lat' dir='ltr'><strong><em>nemini</em></strong></span> <span class='ocrx_word' id='word_1_794' title='bbox 635 5260 826 5325; x_wconf 87' lang='lat' dir='ltr'><strong><em>consenseritis,</em></strong></span> <span class='ocrx_word' id='word_1_795' title='bbox 845 5261 931 5315; x_wconf 86' lang='lat' dir='ltr'><strong><em>santio</em></strong></span> <span class='ocrx_word' id='word_1_796' title='bbox 944 5272 1028 5318; x_wconf 85' lang='lat' dir='ltr'><strong><em>restra</em></strong></span> <span class='ocrx_word' id='word_1_797' title='bbox 1079 5266 1161 5338; x_wconf 85' lang='lat' dir='ltr'><strong><em>aliqui</em></strong></span> <span class='ocrx_word' id='word_1_798' title='bbox 1191 5265 1360 5327; x_wconf 76' lang='lat' dir='ltr'><strong><em>existiment,</em></strong></span> <span class='ocrx_word' id='word_1_799' title='bbox 1375 5278 1429 5319; x_wconf 86' lang='lat' dir='ltr'><strong><em>non</em></strong></span> <span class='ocrx_word' id='word_1_800' title='bbox 1450 5275 1514 5318; x_wconf 90' lang='lat' dir='ltr'><strong><em>sunt</em></strong></span> <span class='ocrx_word' id='word_1_801' title='bbox 1528 5271 1618 5317; x_wconf 85' lang='lat' dir='ltr'><strong><em>tannen</em></strong></span> <span class='ocrx_word' id='word_1_802' title='bbox 1642 5258 1816 5330; x_wconf 85' lang='lat' dir='ltr'><strong><em>immutanda</em></strong></span> <span class='ocrx_word' id='word_1_803' title='bbox 1834 5271 1881 5330; x_wconf 76' lang='lat' dir='ltr'><strong><em>pro</em></strong></span> 
     </span>
     <span class='ocr_line' id='line_1_56' title="bbox 226 5350 1882 5430; baseline -0.001 -22"><span class='ocrx_word' id='word_1_804' title='bbox 226 5350 400 5408; x_wconf 81' lang='lat' dir='ltr'><strong><em>esfleoest:</em></strong></span> <span class='ocrx_word' id='word_1_805' title='bbox 415 5356 512 5423; x_wconf 84' lang='lat' dir='ltr'><strong><em>prolrat</em></strong></span> <span class='ocrx_word' id='word_1_806' title='bbox 532 5353 608 5408; x_wconf 87' lang='lat' dir='ltr'><strong><em>cuiin</em></strong></span> <span class='ocrx_word' id='word_1_807' title='bbox 634 5352 741 5408; x_wconf 88' lang='lat' dir='ltr'><strong><em>Lucifer</em></strong></span> <span class='ocrx_word' id='word_1_808' title='bbox 766 5351 922 5422; x_wconf 82' lang='lat' dir='ltr'><strong><em>liujusiooilt</em></strong></span> <span class='ocrx_word' id='word_1_809' title='bbox 949 5357 1026 5410; x_wconf 91' lang='lat' dir='ltr'><strong><em>testi·</em></strong></span> <span class='ocrx_word' id='word_1_810' title='bbox 1081 5357 1434 5430; x_wconf 87' lang='lat' dir='ltr'><strong><em>ipsorumsentcntiu,cnm</em></strong></span> <span class='ocrx_word' id='word_1_811' title='bbox 1458 5363 1568 5410; x_wconf 88' lang='lat' dir='ltr'><strong><em>constet</em></strong></span> <span class='ocrx_word' id='word_1_812' title='bbox 1590 5366 1679 5424; x_wconf 83' lang='lat' dir='ltr'><strong><em>neque</em></strong></span> <span class='ocrx_word' id='word_1_813' title='bbox 1703 5366 1818 5408; x_wconf 72' lang='lat' dir='ltr'><strong><em>sensu·</em></strong></span> <span class='ocrx_word' id='word_1_814' title='bbox 1840 5350 1882 5407; x_wconf 86' lang='lat' dir='ltr'><strong><em>di·</em></strong></span> 
     </span>
     <span class='ocr_line' id='line_1_57' title="bbox 229 5442 1881 5518; baseline 0.001 -18"><span class='ocrx_word' id='word_1_815' title='bbox 229 5442 1026 5512; x_wconf 77' lang='lat' dir='ltr'><strong><em>iiioiito,coosittuiosuiiinoooeonienieniitconiliano·</em></strong></span> <span class='ocrx_word' id='word_1_816' title='bbox 1079 5453 1180 5510; x_wconf 89' lang='lat' dir='ltr'><strong><em>ctioiiis</em></strong></span> <span class='ocrx_word' id='word_1_817' title='bbox 1216 5451 1363 5517; x_wconf 84' lang='lat' dir='ltr'><strong><em>labefieri,</em></strong></span> <span class='ocrx_word' id='word_1_818' title='bbox 1388 5463 1477 5518; x_wconf 79' lang='lat' dir='ltr'><strong><em>neque</em></strong></span> <span class='ocrx_word' id='word_1_819' title='bbox 1510 5446 1562 5502; x_wconf 91' lang='lat' dir='ltr'><strong><em>alia</em></strong></span> <span class='ocrx_word' id='word_1_820' title='bbox 1596 5447 1695 5502; x_wconf 83' lang='lat' dir='ltr'><strong><em>deesse</em></strong></span> <span class='ocrx_word' id='word_1_821' title='bbox 1731 5444 1881 5517; x_wconf 79' lang='lat' dir='ltr'><strong><em>exempla,</em></strong></span> 
     </span>
     <span class='ocr_line' id='line_1_58' title="bbox 229 5534 1881 5618; baseline 0.001 -28"><span class='ocrx_word' id='word_1_822' title='bbox 229 5534 292 5590; x_wconf 82' lang='lat' dir='ltr'><strong><em>tisis</em></strong></span> <span class='ocrx_word' id='word_1_823' title='bbox 305 5536 415 5592; x_wconf 80' lang='lat' dir='ltr'><strong><em>Arianis</em></strong></span> <span class='ocrx_word' id='word_1_824' title='bbox 429 5552 445 5593; x_wconf 93' lang='lat' dir='ltr'><strong><em>e</em></strong></span> <span class='ocrx_word' id='word_1_825' title='bbox 459 5536 556 5594; x_wconf 79' lang='lat' dir='ltr'><strong><em>divino</em></strong></span> <span class='ocrx_word' id='word_1_826' title='bbox 570 5537 701 5595; x_wconf 87' lang='lat' dir='ltr'><strong><em>instinctu</em></strong></span> <span class='ocrx_word' id='word_1_827' title='bbox 717 5537 870 5610; x_wconf 90' lang='lat' dir='ltr'><strong><em>profectum</em></strong></span> <span class='ocrx_word' id='word_1_828' title='bbox 884 5537 978 5596; x_wconf 86' lang='lat' dir='ltr'><strong><em>fuisse.</em></strong></span> <span class='ocrx_word' id='word_1_829' title='bbox 993 5543 1029 5597; x_wconf 75' lang='lat' dir='ltr'><strong><em>iit</em></strong></span> <span class='ocrx_word' id='word_1_830' title='bbox 1077 5560 1193 5618; x_wconf 82' lang='lat' dir='ltr'><strong><em>quorum</em></strong></span> <span class='ocrx_word' id='word_1_831' title='bbox 1205 5543 1361 5600; x_wconf 86' lang='lat' dir='ltr'><strong><em>testimonio</em></strong></span> <span class='ocrx_word' id='word_1_832' title='bbox 1376 5550 1404 5598; x_wconf 90' lang='lat' dir='ltr'><strong><em>et</em></strong></span> <span class='ocrx_word' id='word_1_833' title='bbox 1418 5541 1581 5597; x_wconf 84' lang='lat' dir='ltr'><strong><em>auctoritate</em></strong></span> <span class='ocrx_word' id='word_1_834' title='bbox 1593 5541 1727 5595; x_wconf 89' lang='lat' dir='ltr'><strong><em>nitantur.</em></strong></span> <span class='ocrx_word' id='word_1_835' title='bbox 1741 5540 1813 5594; x_wconf 89' lang='lat' dir='ltr'><strong><em>ilinc</em></strong></span> <span class='ocrx_word' id='word_1_836' title='bbox 1828 5537 1881 5593; x_wconf 90' lang='lat' dir='ltr'><strong><em>aii·</em></strong></span> 
     </span>
     <span class='ocr_line' id='line_1_59' title="bbox 228 5626 1880 5716; baseline 0.004 -38"><span class='ocrx_word' id='word_1_837' title='bbox 228 5626 303 5716; x_wconf 73' lang='lat' dir='ltr'><strong><em>enirn</em></strong></span> <span class='ocrx_word' id='word_1_838' title='bbox 317 5628 344 5681; x_wconf 88' lang='lat' dir='ltr'><strong><em>in</em></strong></span> <span class='ocrx_word' id='word_1_839' title='bbox 356 5627 460 5683; x_wconf 84' lang='lat' dir='ltr'><strong><em>Graecis</em></strong></span> <span class='ocrx_word' id='word_1_840' title='bbox 474 5629 552 5686; x_wconf 85' lang='lat' dir='ltr'><strong><em>fibris</em></strong></span> <span class='ocrx_word' id='word_1_841' title='bbox 563 5645 648 5701; x_wconf 86' lang='lat' dir='ltr'><strong><em>piare</em></strong></span> <span class='ocrx_word' id='word_1_842' title='bbox 659 5633 795 5704; x_wconf 83' lang='lat' dir='ltr'><strong><em>descripta</em></strong></span> <span class='ocrx_word' id='word_1_843' title='bbox 811 5642 890 5690; x_wconf 85' lang='lat' dir='ltr'><strong><em>eraut</em></strong></span> <span class='ocrx_word' id='word_1_844' title='bbox 904 5631 1028 5705; x_wconf 78' lang='lat' dir='ltr'><strong><em>Apostoli</em></strong></span> <span class='ocrx_word' id='word_1_845' title='bbox 1079 5647 1146 5709; x_wconf 85' lang='lat' dir='ltr'><strong><em>qiiot</em></strong></span> <span class='ocrx_word' id='word_1_846' title='bbox 1159 5652 1194 5693; x_wconf 83' lang='lat' dir='ltr'><strong><em>ex</em></strong></span> <span class='ocrx_word' id='word_1_847' title='bbox 1214 5635 1248 5690; x_wconf 88' lang='lat' dir='ltr'><strong><em>lis</em></strong></span> <span class='ocrx_word' id='word_1_848' title='bbox 1264 5634 1318 5691; x_wconf 89' lang='lat' dir='ltr'><strong><em>linc</em></strong></span> <span class='ocrx_word' id='word_1_849' title='bbox 1336 5634 1538 5712; x_wconf 83' lang='lat' dir='ltr'><strong><em>congessiuips,</em></strong></span> <span class='ocrx_word' id='word_1_850' title='bbox 1549 5644 1579 5687; x_wconf 90' lang='lat' dir='ltr'><strong><em>ut</em></strong></span> <span class='ocrx_word' id='word_1_851' title='bbox 1593 5631 1743 5709; x_wconf 79' lang='lat' dir='ltr'><strong><em>legentium</em></strong></span> <span class='ocrx_word' id='word_1_852' title='bbox 1767 5629 1880 5700; x_wconf 67' lang='lat' dir='ltr'><strong><em>probat!</em></strong></span> 
     </span>
     <span class='ocr_line' id='line_1_60' title="bbox 219 5706 1881 5799; baseline 0.003 -27"><span class='ocrx_word' id='word_1_853' title='bbox 219 5709 416 5784; x_wconf 67' lang='lat' dir='ltr'><strong><em>tetimonio</em></strong></span> <span class='ocrx_word' id='word_1_854' title='bbox 440 5711 470 5777; x_wconf 87' lang='lat' dir='ltr'><strong><em>ln</em></strong></span> <span class='ocrx_word' id='word_1_855' title='bbox 499 5710 612 5780; x_wconf 83' lang='lat' dir='ltr'><strong><em>lstlnam</em></strong></span> <span class='ocrx_word' id='word_1_856' title='bbox 639 5726 749 5798; x_wconf 76' lang='lat' dir='ltr'><strong><em>onoqine</em></strong></span> <span class='ocrx_word' id='word_1_857' title='bbox 773 5709 1025 5797; x_wconf 78' lang='lat' dir='ltr'><strong><em>interpretationem</em></strong></span> <span class='ocrx_word' id='word_1_858' title='bbox 1078 5712 1181 5799; x_wconf 72' lang='lat' dir='ltr'><strong><em>indicio</em></strong></span> <span class='ocrx_word' id='word_1_859' title='bbox 1207 5706 1380 5795; x_wconf 71' lang='lat' dir='ltr'><strong><em>Liiclterlcnr‘t</em></strong></span> <span class='ocrx_word' id='word_1_860' title='bbox 1406 5719 1540 5781; x_wconf 79' lang='lat' dir='ltr'><strong><em>tristanti</em></strong></span> <span class='ocrx_word' id='word_1_861' title='bbox 1574 5719 1760 5796; x_wconf 78' lang='lat' dir='ltr'><strong><em>integritatem</em></strong></span> <span class='ocrx_word' id='word_1_862' title='bbox 1796 5713 1881 5791; x_wconf 65' lang='lat' dir='ltr'><strong><em>malti</em></strong></span> 
     </span>
    </p>
   </div>
   <div class='ocr_carea' id='block_1_3' title="bbox 0 0 1989 6132">
    <p class='ocr_par' dir='ltr' id='par_1_3' title="bbox 0 0 1989 6132">
     <span class='ocr_line' id='line_1_61' title="bbox 0 0 1989 6132; baseline 0 0"><span class='ocrx_word' id='word_1_863' title='bbox 0 0 1989 6132; x_wconf 95' lang='lat' dir='ltr'><strong><em> </em></strong></span> 
     </span>
    </p>
   </div>
  </div>
 </body>
</html>
