3900 6134
192 233 243 290 131

818 228 941 287 sancet
960 227 1090 289 oldest
1109 227 1211 287 PAPAE

1761 207 1847 301 ,ta
1909 233 1912 237 ·

187 345 281 418 ltaque
293 345 339 417 qui
351 352 438 415 potest
451 342 562 399 obviare
577 345 597 413 ¹,
614 352 641 399 et
663 343 821 414 perturbare
835 361 989 426 perpersos,
1006 352 1027 409 ,t
1043 361 1120 413 tnuc,
1135 347 1181 418 qni
1193 355 1222 401 et
1233 344 1259 401 id
1271 345 1359 416 ipsum
1380 346 1439 402 lieri
1460 347 1631 418 praecipium.
1650 346 1710 406 Nou
1723 357 1753 406 ut
1765 351 1842 407 robis

189 451 217 498 et
231 456 284 495 nrm
310 439 373 495 lacit
384 482 392 507 ,
404 438 470 494 nibil
486 438 559 494 aliud
583 447 625 495 cst
638 440 659 506 ¹,
671 455 752 511 quarn
778 439 869 496 latere
895 456 989 497 corum

189 531 331 600 impietati.
340 529 395 586 Nec
407 531 478 585 enirn
487 539 562 587 caret
573 532 702 602 scrupulo
716 532 854 587 societatis
864 531 987 598 occulta,

187 625 233 695 qui
258 623 402 680 manilesto
428 623 541 681 facinori
559 625 659 680 desinit
672 625 793 681 obviare.
825 625 890 681 Sitis
903 635 989 680 autern

187 716 295 785 perlecti
306 725 330 770 et
350 717 443 789 integri
453 717 480 770 irt
493 718 581 772 eodem
606 734 691 782 sensu,
708 728 731 772 et
745 719 772 772 t‘rt
785 718 873 772 eedem
883 717 991 772 scientie

187 809 299 880 firinati:
310 819 338 865 ut
349 826 397 881 per
407 826 468 867 eam
477 810 535 866 vias
544 819 649 866 uestras
660 811 809 882 dirigentes
822 811 849 866 in
864 809 988 865 etmtdem

187 903 385 968 inflexibiliter,
407 903 535 959 omnibus
557 905 708 959 occurratis
734 903 874 974 oppressis
887 902 909 970 ⁸,
923 904 988 974 quia

186 998 263 1053 robis
274 997 394 1054 ereditur
413 997 554 1064 Dominus,
568 998 604 1052 ad
622 1014 696 1068 quern
712 997 827 1066 lapidem
840 997 988 1053 accedentes

183 1090 280 1156 uirum,
302 1090 334 1144 at
345 1090 490 1144 bominibus
512 1089 615 1160 qtridem
641 1089 807 1159 reprobatum
823 1099 927 1161 propter
946 1099 987 1144 te·

185 1184 251 1239 lium
263 1182 513 1257 irnpietotem,olleo
523 1194 608 1239 eutem
623 1184 730 1238 electum
742 1192 766 1238 et
775 1183 986 1253 honorificatum,

184 1293 263 1346 super
276 1294 350 1348 quem
366 1293 419 1340 uos,
442 1286 574 1347 tamquam
588 1275 687 1346 lapides
706 1277 767 1342 oiri,
781 1275 947 1344 edifiennrini
959 1275 987 1329 in

183 1367 325 1424 Dorttiutnu
345 1369 518 1443 spiritualem,
540 1369 568 1423 in
582 1368 755 1423 sacerdotium
777 1376 905 1430 setectum,
918 1364 995 1433 olle·¹

183 1475 268 1520 rentes
291 1464 437 1536 spirituales
465 1463 562 1517 bestius
588 1463 640 1531 ipsi
669 1462 696 1514 in
716 1460 820 1515 odorent
839 1458 984 1513 suauitatis.

180 1558 293 1616 Gratum
330 1557 403 1612 enirn
431 1554 577 1610 admodum
600 1561 643 1607 est
672 1551 837 1607 sacrillciutu
868 1549 985 1605 Dotniuo

1041 440 1161 496 scientie
1176 440 1369 496 ecclesiasticae
1389 443 1493 511 regulae
1516 441 1618 514 aliquid
1639 442 1732 511 desit,
1750 446 1797 502 sed
1811 455 1840 502 ut

1040 533 1201 588 auctoritaie
1221 532 1294 587 sedis
1314 533 1471 603 apostolicae
1489 534 1567 601 tntu,
1583 533 1612 590 in
1633 536 1710 591 nullo
1732 536 1768 593 ab
1783 538 1840 608 ejus

1041 622 1154 679 deuictis
1169 623 1280 694 regulis.
1301 621 1385 694 igitur
1398 624 1433 681 de
1452 624 1676 697 chorepiscopis,
1697 625 1842 699 dequibus

1040 733 1091 773 tros
1112 718 1257 773 consulere
1277 718 1416 786 voluistis,
1438 718 1518 789 quale
1542 720 1578 774 sit
1599 735 1694 775 eorum
1722 721 1845 778 ministe-

1040 813 1108 867 rium
1122 853 1129 877 ,
1145 822 1192 867 aut
1205 813 1268 882 tpnid
1284 813 1325 868 eis
1340 827 1422 884 agere
1443 814 1541 881 liceat,
1558 824 1604 870 aut
1621 832 1704 888 quam
1726 817 1847 874 auctori·

1040 912 1122 960 tatem
1142 903 1259 961 babeant
1271 945 1278 970 ,
1292 904 1336 960 uel
1350 905 1372 958 si
1389 905 1469 960 liceat
1482 921 1530 961 eos
1546 906 1626 974 lteri,
1641 923 1676 963 an
1696 925 1769 977 non,
1782 910 1846 982 qrria

1038 997 1190 1053 andivimus
1204 1012 1253 1054 eos
1263 997 1319 1067 jam
1333 1012 1395 1054 csse
1409 999 1580 1069 probibitos;
1594 1010 1640 1057 eut
1655 1002 1767 1073 quidde
1780 1003 1845 1070 bis,

1037 1091 1083 1162 qni
1096 1090 1151 1160 jam
1165 1090 1281 1147 ordinati
1294 1091 1480 1162 reperiuntur,
1492 1093 1625 1165 agendam
1641 1096 1695 1163 sit,
1711 1096 1747 1152 nil
1761 1096 1844 1153 robis

1037 1183 1140 1238 certius
1151 1183 1319 1253 respondere
1335 1184 1414 1240 nobis
1427 1184 1552 1255 videtur,
1568 1202 1649 1260 ortam
1662 1188 1751 1245 olinta
1767 1205 1841 1260 prae·

1037 1272 1225 1330 decessoribus
1239 1277 1340 1331 nostris
1353 1278 1492 1333 decretum
1510 1280 1663 1348 reperimus
1677 1296 1685 1346 ;
1707 1277 1791 1337 ateis
1805 1281 1842 1338 ad

1037 1368 1143 1420 ueniam
1157 1367 1223 1421 nibil
1237 1382 1348 1437 prorsus
1362 1368 1435 1423 alind
1456 1382 1608 1443 reservetur
1620 1388 1701 1445 quaint
1725 1375 1842 1444 privatio

1036 1458 1106 1512 sacri
1134 1459 1292 1526 ntinistecii,
1308 1461 1379 1530 ιιοιι
1409 1461 1503 1517 illicite
1530 1479 1755 1535 assumpsertrn13
1778 1466 1843 1539 quia

1036 1549 1166 1619 prohibiti
1180 1559 1232 1606 tarn
1249 1550 1283 1607 ab
1304 1550 1354 1608 ltac
1374 1567 1450 1608 sacra
1465 1554 1551 1621 sede,
1566 1571 1647 1634 quam
1666 1572 1681 1610 a
1698 1558 1780 1613 totius
1796 1572 1844 1613 oc-

145 1680 153 1687 -
180 1651 321 1723 oppressis
332 1647 460 1705 onmibus
478 1646 625 1703 subvenire
642 1655 763 1715 :quatuo
786 1644 872 1712 magis
886 1642 939 1698 illis
950 1642 985 1697 tle
1035 1640 1077 1697 bis
1090 1641 1195 1698 lucrant
1208 1645 1353 1716 episcopis.
1366 1643 1452 1700 Nimis
1461 1661 1526 1718 crgo
1537 1661 1632 1704 corant
1644 1648 1779 1706 institutio
1790 1648 1844 1706 im·

179 1743 279 1816 quibus
291 1742 329 1796 ait
342 1741 407 1808 :Qui
421 1757 465 1794 eos
478 1740 562 1805 ertdit,
577 1754 618 1792 nte
631 1739 704 1791 rudit
712 1746 755 1803 ‚·et
768 1737 811 1807 qui
820 1751 864 1790 ιιι
874 1735 983 1805 apernit,
999 1741 1024 1802 Β
1037 1736 1120 1807 proba
1131 1777 1138 1802 ,
1151 1737 1230 1793 trimis
1243 1747 1285 1794 est
1301 1753 1382 1808 praua
1396 1755 1402 1791 :
1419 1739 1480 1809 quia
1496 1747 1526 1794 ut
1539 1739 1566 1794 hi
1580 1740 1614 1796 de
1631 1756 1738 1798 suuttno
1750 1759 1844 1801 sacer-

179 1852 220 1890 me
233 1835 340 1907 spernit,
357 1841 385 1888 et
398 1841 507 1888 caetera.
534 1831 613 1887 bibat
627 1829 759 1899 ¹quidem
777 1829 892 1883 Dourino
906 1841 983 1897 pros·
1035 1828 1101 1884 dotii
1117 1830 1267 1886 rninistcrio
1279 1830 1379 1899 aliiprid
1395 1843 1574 1899 praesentant,
1591 1835 1663 1888 onrtri
1676 1838 1844 1892 auctoritate

178 1945 256 2002 pera,
272 1929 317 1999 qui
333 1927 368 1983 ab
382 1925 492 1981 aillictis
503 1923 678 1994 etoppressis
692 1923 771 1993 pellit
785 1920 912 1976 aduersa.
928 1919 984 1975 Sed
1034 1931 1105 1976 caret
1121 1964 1128 1986 ‚
1148 1930 1177 1977 et
1198 1923 1282 1977 sacris
1311 1922 1463 1978 canonibus
1486 1926 1622 1981 inuenitur
1644 1942 1706 1983 esse
1729 1938 1843 1984 contra·

1032 2014 1122 2080 rinm,
1142 2012 1226 2086 atque
1247 2015 1281 2069 ad
1308 2018 1394 2073 totius
1408 2016 1429 2047 ¹¹
1453 2016 1583 2076 uecteste
1607 2019 1841 2088 perturbationem

1033 2109 1151 2178 superba
1165 2118 1192 2164 et
1212 2109 1350 2179 superflua
1368 2111 1454 2166 tendit
1465 2112 1546 2167 olatio
1561 2129 1567 2164 :
1588 2121 1616 2168 et
1631 2128 1743 2169 taetrum
1757 2122 1801 2172 cst
1815 2124 1844 2171 et

1034 2199 1133 2268 istane,
1148 2200 1279 2272 quidquid
1301 2202 1327 2257 in
1350 2205 1481 2275 praedicto
1500 2205 1646 2261 sacerdotii
1660 2209 1760 2263 summi
1775 2224 1842 2277 ege·

1034 2301 1096 2347 runt
1110 2292 1271 2348 ministerio.
1286 2292 1365 2362 Quod
1385 2295 1436 2365 ipsi
1451 2296 1532 2352 iidem
1548 2297 1603 2352 sint
1613 2298 1647 2364 ¹¹,
1662 2301 1707 2369 oui
1725 2308 1755 2356 et
1775 2315 1842 2370 pre·

1033 2386 1135 2459 sbytcri
1161 2386 1333 2444 sullicientec
1356 2390 1511 2446 invenitur:
1536 2391 1598 2461 ouia
1619 2392 1653 2448 ad
1674 2392 1790 2449 formata
1814 2404 1843 2452 et
1901 2424 1907 2432 ,

1032 2480 1185 2548 exemplum
1209 2481 1378 2552 septuaginta
1410 2482 1586 2540 inueniuntur
1608 2485 1684 2556 prius
1709 2486 1839 2544 instituti.

1032 2570 1085 2628 Sed
1108 2572 1169 2643 uitia
1192 2572 1261 2645 (Deo
1288 2571 1401 2645 gratias)
1423 2575 1504 2631 modo
1524 2578 1690 2644 necessarii,
1714 2578 1785 2635 sicut
1809 2580 1836 2636 in

1032 2664 1171 2733 primitiva
1185 2664 1341 2729 ,flectes-ta,
1367 2678 1477 2737 ptrtrptcr
1500 2667 1643 2736 stadium,
1669 2669 1742 2741 quod
1769 2686 1835 2743 erga

1031 2771 1164 2825 pauperes
1179 2758 1342 2829 exigebant,
1360 2774 1412 2814 non
1428 2769 1510 2816 strat:
1526 2771 1553 2816 et
1571 2763 1633 2832 qtria
1654 2762 1750 2819 illicita
1766 2779 1840 2835 prae·

177 2031 202 2079 et
218 2038 294 2086 nrrnc,
307 2022 412 2092 scotres,
430 2017 638 2073 eonrmendnmm
650 2032 693 2069 eos
704 2012 759 2068 Deo
772 2024 795 2069 et
807 2014 881 2068 uerbo
889 2013 982 2085 gratim

178 2121 246 2193 ejus,
258 2117 302 2186 qui
316 2123 397 2188 potest
410 2112 534 2184 perlicere
545 2123 569 2166 et
584 2112 646 2165 dure
669 2111 844 2165 ltoereditutem
857 2109 884 2163 in
897 2109 982 2163 omrtt'-

175 2208 411 2277 lrttsranetipicutis.
425 2205 486 2278 lpse
501 2215 585 2259 autern
601 2203 672 2258 bees
693 2205 764 2274 pacis
785 2212 809 2257 et
823 2204 980 2268 corrsolotio·

177 2304 220 2358 rtis
244 2280 378 2355 detrahis
395 2299 509 2368 idipsam
524 2313 615 2367 sapere
630 2297 656 2351 in
674 2298 837 2361 alterutrum,
846 2306 869 2349 et
883 2296 910 2348 ln
924 2295 980 2366 ipso

174 2401 309 2466 corriperet
322 2392 350 2446 in
358 2391 487 2454 aurailus,
497 2400 524 2443 ut
536 2389 670 2444 unanimes
681 2406 731 2443 uno
745 2404 789 2443 ore
802 2397 826 2442 et
840 2404 891 2442 urio
904 2389 981 2442 eorde

174 2486 349 2556 honorificetis
362 2501 419 2538 euin
444 2484 471 2537 in
486 2483 652 2538 concordiam
667 2492 690 2537 ct
704 2482 832 2537 credilium
857 2485 978 2552 fratrent,

174 2579 318 2652 unipotens
329 2587 366 2632 est
382 2575 536 2645 confirmare
549 2592 646 2641 omues,
659 2585 682 2630 et
696 2574 825 2630 corneolori
837 2573 979 2628 seeundum

173 2671 348 2744 Eourrgeliunt
368 2673 436 2744 ejus,
457 2679 481 2745 et
503 2670 581 2739 jecto
595 2669 775 2723 revelationem
786 2666 903 2738 mysterii
916 2677 979 2720 tent-

173 2764 279 2838 porilrus
291 2763 381 2819 reterri
395 2762 476 2830 taciti,
494 2761 619 2830 patefacti
634 2774 725 2816 antcm
746 2776 794 2831 pcr
804 2759 978 2830 Scripturas¹⁵

174 2863 284 2913 sanctas
308 2865 336 2909 et
346 2852 455 2908 Patrem
482 2851 696 2908 orthodoxorum
713 2851 861 2915 doctrinas,
877 2865 977 2905 secun·

171 2952 237 3008 dum
254 2959 421 3022 preceptum
433 2949 528 3005 aeterni
542 2948 599 3014 Dei,
616 2947 648 3003 ad
664 2947 848 3004 obediendum
860 2947 936 3014 lidei,
949 2946 977 3002 in

171 3046 298 3101 omuibus
317 3043 433 3114 cogntus
447 3042 538 3108 uob‘tS,
555 3043 604 3097 soli
634 3042 748 3109 sapienti
778 3040 844 3108 Deo,
859 3040 977 3097 Dotttlnt)

1030 2851 1191 2917 sarriebant;
1215 2861 1242 2906 et
1265 2852 1336 2924 qtiod
1359 2854 1492 2924 agebam,
1513 2863 1602 2911 actum
1626 2871 1679 2913 nott
1704 2869 1784 2924 erat;
1809 2867 1838 2915 ct
1916 2854 1919 2859 ’

1029 2955 1175 3016 propterca
1196 2946 1272 3000 multi
1294 2947 1321 3002 in
1342 2947 1516 3004 securitatem
1550 2949 1637 3020 lapsi,
1653 2950 1840 3010 ecclesiastico

1030 3038 1229 3094 {castrabantur
1252 3047 1280 3096 et
1306 3039 1504 3097 fraudabantur
1527 3041 1702 3098 ministerio:
1727 3053 1756 3099 ιι
1774 3043 1860 3102 ideo·

170 3150 267 3197 nostro
281 3137 347 3195 lesu
359 3139 549 3205 Christo,cunr
566 3135 701 3206 quoPatri
715 3144 742 3191 et
753 3135 868 3205 Spiritui
883 3130 1015 3194 sanctoC
1032 3138 1086 3183 tant
1111 3131 1145 3184 ab
1167 3129 1217 3185 11ιο
1239 3132 1266 3185 S·
1287 3131 1372 3196 selle,
1397 3142 1427 3186 ut
1450 3134 1577 3204 superius
1603 3135 1837 3201 ntemorarimus,

169 3234 269 3307 gloria,
281 3234 382 3299 bonor,
397 3243 424 3287 et
438 3230 620 3301 imperiumct
631 3238 750 3299 potestas
766 3228 792 3282 in
807 3228 907 3284 seacula
924 3243 978 3283 sce·

168 3327 305 3385 culorum.
321 3324 421 3385 Antea.
435 3324 566 3380 hominus
581 3338 629 3378 vos
641 3321 789 3389 custodiat,
806 3321 981 3378 dilectissimi

170 3421 281 3485 iratres,
307 3421 459 3476 incolumes
485 3433 605 3488 semper.
630 3415 694 3471 Data
723 3424 819 3472 octavo
848 3415 979 3472 kalendas

171 3515 346 3581 Novembris,
362 3513 513 3570 ¹Flauiano
538 3522 565 3567 ct
579 3509 710 3567 Stilicone
730 3510 798 3567 vicis
819 3508 980 3566 clarissimis

173 3609 343 3668 consulibus.

446 3722 455 3751 ¹
470 3718 637 3777 epistota
656 3718 700 3775 tu.

169 3837 211 3894 De
224 3834 431 3908 chorepiscopis,
442 3845 466 3890 et
478 3835 522 3904 otri
535 3834 614 3888 iidem
626 3833 688 3900 sint,
702 3839 748 3886 out
760 3832 781 3886 si
792 3831 892 3903 aliquid
907 3831 975 3900 sint,

510 3936 555 3980 out
571 3924 647 3979 nttttt.

171 4043 295 4101 bertinis
309 4039 509 4098 venerabilibus
520 4038 647 4095 [ratribus
659 4040 679 4106 ¹¹,
693 4037 828 4111 Prospero
840 4039 973 4097 Numidiae

208 4137 302 4207 prima
314 4134 387 4189 sedis
406 4134 553 4203 episcopo,
567 4130 670 4199 Leoni,
685 4131 835 4203 Reparato,
854 4135 975 4190 Alexan·

207 4229 271 4296 dro,
294 4219 459 4294 benedicto,
475 4225 561 4293 Rulo,
577 4235 604 4282 et
627 4226 752 4282 otttnibns
769 4228 894 4292 cacteris,
913 4227 975 4283 ubi·

206 4338 260 4394 que
274 4322 300 4376 in
316 4330 408 4388 recta,
425 4328 516 4374 sancta
529 4360 536 4385 ‚
551 4325 578 4374 ct
591 4317 739 4388 apostolica
754 4316 806 4374 fide
821 4318 972 4374 consisten-

195 4416 297 4493 tibus,
314 4410 471 4470 orthodoxis
491 4411 644 4483 episcopis,
660 4410 794 4467 Damasus
816 4411 970 4483 episcopus.

1032 3236 1114 3293 quirin
1130 3231 1158 3278 et
1170 3224 1204 3279 ab
1218 3223 1344 3279 omnibus
1361 3225 1443 3280 totius
1460 3226 1534 3282 orbis
1549 3226 1703 3298 episcopis,
1718 3244 1733 3282 a
1749 3229 1838 3300 ponti·

1032 3313 1158 3370 fictilibus
1170 3324 1233 3370 sunt
1247 3317 1342 3372 remoti
1359 3314 1466 3372 olllciis.
1482 3316 1548 3371 Nam
1564 3319 1609 3389 (ut
1625 3319 1703 3375 nobis
1721 3320 1836 3376 relatum

1031 3406 1090 3480 est)
1105 3409 1215 3479 quidam
1231 3409 1438 3478 cpiscoporum,
1463 3418 1573 3480 propter
1593 3425 1670 3465 suam
1696 3411 1835 3482 quietern,

1030 3503 1070 3560 eis
1091 3504 1184 3573 plebes
1208 3518 1272 3560 snas
1286 3504 1455 3559 connuittere
1476 3518 1529 3559 non
1543 3502 1747 3560 formidabant:
1765 3513 1794 3561 et
1807 3512 1837 3561 ut

1029 3594 1124 3651 illicita
1147 3606 1229 3666 atrine
1252 3595 1386 3666 prohibita
1409 3606 1508 3666 agant,
1525 3596 1607 3652 iidem
1631 3611 1663 3653 ea
1684 3613 1745 3667 oua
1763 3597 1835 3670 ¹solis

1029 3687 1203 3762 pontilicilnis
1218 3683 1365 3757 debentur,
1381 3689 1432 3747 sibi
1453 3699 1584 3761 usurpant
1597 3705 1604 3756 ;
1626 3700 1654 3746 et
1668 3690 1719 3761 ipsi
1740 3691 1768 3746 in
1783 3706 1833 3747 sua

1029 3785 1122 3854 quiete
1137 3791 1266 3853 torpent,
1282 3794 1308 3838 et
1322 3798 1414 3839 euram
1431 3782 1483 3839 sibi
1497 3798 1512 3838 a
1527 3782 1583 3839 11ιο
1596 3784 1770 3839 commissam
1784 3799 1831 3841 ne·

1027 3875 1148 3950 gligunt,
1164 3892 1225 3933 cnm
1243 3877 1372 3935 bantinus
1391 3878 1485 3934 dicat:
1506 3877 1595 3933 Bonus
1609 3888 1698 3948 postor
1718 3880 1832 3934 unierunt

1028 3986 1103 4043 sunni
1131 3971 1203 4040 ponit
1231 3985 1277 4042 pro
1302 3972 1388 4026 ouibus
1414 3972 1484 4037 stria,
1509 3979 1532 4024 ιι
1554 3981 1627 4027 uocet
1650 3988 1692 4027 eor
1714 3971 1833 4027 nantino-

1027 4064 1074 4119 tim
1086 4105 1094 4133 ,
1108 4074 1133 4121 et
1153 4072 1285 4137 cognoscit
1309 4082 1386 4133 ruas,
1402 4075 1427 4120 ιι
1451 4081 1507 4121 ιιι
1527 4077 1683 4138 cognoscunt
1707 4083 1777 4123 eum.
1797 4067 1834 4124 tn

1027 4156 1126 4213 idem:
1152 4156 1227 4212 Sicut
1251 4158 1319 4212 nouit
1338 4174 1379 4213 nte
1401 4155 1499 4226 Peter,
1516 4167 1539 4212 et
1564 4174 1611 4232 ego
1636 4175 1748 4230 agnosco
1775 4158 1831 4213 Po·

1026 4258 1111 4320 trent,
1139 4261 1163 4306 et
1191 4251 1306 4306 animum
1330 4267 1413 4305 nteum
1432 4266 1498 4320 porro
1520 4267 1566 4322 pro
1584 4251 1672 4306 ouibus
1693 4251 1766 4306 ineis.
1792 4251 1831 4307 De

1026 4347 1195 4403 mercenario
1210 4354 1300 4401 autent
1314 4344 1377 4416 quid
1400 4344 1488 4411 dicat,
1508 4346 1576 4399 bene
1597 4343 1701 4410 nostis,
1716 4344 1779 4414 quie
1791 4344 1831 4398 oi·

1026 4441 1066 4497 det
1081 4442 1171 4513 lupum
1185 4441 1343 4506 uenientem,
1360 4449 1383 4496 et
1396 4439 1502 4493 diruittit
1524 4454 1598 4507 orer,
1613 4447 1637 4492 et
1651 4438 1735 4508 sagit,
1748 4448 1772 4491 et
1788 4437 1831 4493 ltt·

178 4534 298 4602 .‚Licet,
315 4532 412 4590 lintres
427 4529 598 4597 citatissimi,
616 4528 693 4584 robis
707 4539 770 4586 sunt
785 4538 847 4585 crota
864 4540 970 4600 patrum
984 4531 1012 4594 D
1025 4551 1073 4606 pus
1095 4535 1181 4605 rapit,
1197 4541 1221 4588 et
1241 4532 1365 4603 dispergit
1384 4547 1459 4598 orer,
1474 4541 1502 4586 et
1523 4529 1638 4601 reliqua.
1654 4529 1706 4585 l¹ro
1728 4529 1828 4586 talibus

167 4629 298 4693 decreta,
314 4624 407 4682 mirari
426 4632 516 4679 tamen
541 4637 594 4679 non
616 4636 760 4694 possumus
782 4631 900 4677 vestram
928 4637 972 4677 so·
1023 4644 1088 4686 vero
1108 4628 1253 4700 negligitur
1272 4641 1337 4681 cura
1360 4625 1506 4689 Ecclesiae,
1528 4633 1556 4679 ιι
1577 4624 1637 4694 ejus
1659 4630 1748 4679 status
1762 4639 1826 4694 per.

168 4720 278 4776 tertiam
295 4719 366 4775 cirea
389 4717 510 4772 instituta
532 4717 665 4784 majorum
686 4717 717 4780 ¹,
739 4721 768 4767 ut
792 4725 890 4770 cuncta
910 4729 972 4787 ιιι
1024 4721 1154 4778 turbator.
1179 4720 1213 4775 Et
1236 4719 1298 4775 ideo
1320 4726 1385 4774 sunt
1404 4716 1553 4789 probibiti;
1575 4717 1726 4773 intantum
1754 4726 1784 4773 ut
1803 4718 1827 4773 si

170 4819 285 4885 possunt
308 4811 425 4881 aliqnarn
451 4809 572 4880 recipere
597 4807 817 4875 dubitationem,
840 4809 874 4864 ad
901 4823 969 4878 nos,
1022 4814 1104 4885 aliqui
1127 4830 1160 4870 ex
1183 4813 1226 4868 bis
1246 4813 1349 4883 reperti
1377 4811 1496 4879 luerint,
1522 4826 1536 4865 a
1561 4811 1672 4882 proprio
1695 4808 1827 4867 decidant

168 4903 246 4978 qnasi
261 4902 294 4958 ad
308 4911 409 4972 caput,
424 4910 455 4955 ut
468 4914 576 4970 semper
592 4899 641 4955 lnit
661 4901 846 4968 eottsnetudo,
861 4901 971 4959 deterre
1020 4907 1116 4980 gradu.
1138 4906 1180 4961 11Ιί
1205 4921 1321 4977 uanique
1342 4905 1481 4975 episcopi,
1502 4903 1548 4975 tini
1570 4905 1632 4959 talia
1648 4902 1700 4958 sibi
1717 4911 1826 4972 prusa-⁴

169 5014 225 5076 peu
238 4992 369 5059 desinatis
383 5011 389 5048 τ
403 5000 433 5047 ¹¹1
456 4991 520 5048 iude
533 4992 646 5063 capiatis
666 5008 811 5064 responsa,
834 4995 906 5051 unde
925 5010 972 5051 ac·
1021 5009 1115 5065 munt,
1129 4998 1256 5055 videntur
1270 4996 1336 5053 mibi
1349 5010 1410 5052 esse
1423 4994 1612 5053 meretricibus
1625 4992 1747 5062 similes,
1762 5011 1825 5066 quac

168 5088 280 5161 cepistis
296 5083 492 5142 institutionem
506 5093 534 5138 ct
546 5098 670 5151 noctuam
685 5096 759 5142 recte
775 5086 894 5142 rirettdi.
912 5085 969 5143 Un·
1019 5092 1110 5148 statim
1125 5100 1153 5145 ut
1170 5092 1292 5161 pariunt,
1309 5088 1426 5145 infantes
1440 5104 1505 5145 suos
1520 5088 1583 5144 aliis
1603 5086 1755 5143 nutricibus
1766 5098 1823 5144 tra·

167 5183 202 5242 de
222 5193 313 5241 etvos
332 5195 386 5235 non
400 5177 576 5233 immemores
596 5192 731 5233 canonum
752 5194 813 5236 esse
838 5181 966 5237 recorda·
1018 5184 1086 5242 dunt
1108 5184 1281 5250 educandos,
1305 5191 1335 5240 ut
1359 5197 1437 5240 suam
1452 5183 1534 5240 citius
1548 5182 1688 5239 libidinem
1709 5182 1822 5253 explere

205 5325 211 5355 ¹
228 5323 264 5385 i,
277 5323 364 5385 xxtti,
379 5333 426 5389 qu.
437 5317 471 5383 3,
486 5316 538 5386 Qui
549 5324 632 5389 potest
646 5314 758 5371 ebriare.

203 5396 213 5426 ¹
229 5394 304 5449 Felix
315 5391 349 5449 ttt
359 5432 367 5457 ,
379 5391 458 5459 epist.
471 5389 497 5445 l.

204 5466 215 5497 ³
230 5465 334 5519 linctini
349 5464 359 5519 l
374 5476 464 5533 pairac,
478 5459 607 5533 synodica
621 5458 668 5516 cil.

204 5535 215 5566 ⁴
232 5537 335 5590 Cntrcil.
351 5533 441 5589 Tolet.
456 5547 513 5587 rttt.

204 5607 214 5638 ³
230 5605 301 5661 ltletn
316 5605 423 5661 blattin.
440 5618 525 5674 papa.
541 5603 650 5660 ibidem.

158 5740 161 5744 A
201 5677 213 5709 ¹
227 5676 285 5732 Nem
298 5684 361 5731 sunt
372 5675 400 5730 in
413 5675 501 5730 Fastis
514 5673 541 5730 bi
553 5675 689 5731 correntes.

189 5746 294 5801 'llario
309 5753 452 5815 eamearn
465 5759 529 5804 esee
544 5759 579 5804 ex
591 5758 652 5806 cea.
666 5748 682 5804 1
694 5744 798 5822 llispd.
819 5749 906 5811 cone.
917 5766 957 5823 u,

1020 5333 1047 5379 ut
1061 5323 1141 5378 ctiam
1158 5321 1256 5377 Leonis
1270 5321 1352 5393 epist.
1363 5319 1398 5378 88
1409 5323 1436 5376 ia
1447 5329 1535 5377 teter.
1556 5318 1623 5376 edit.
1639 5327 1732 5374 monet
1745 5316 1820 5387 Ωιι·

1019 5395 1098 5450 snett.
1121 5394 1231 5450 dissert.
1248 5394 1291 5449 ll.
1531 5448 1536 5453 ,

1054 5465 1159 5522 ¹Falsa
1179 5478 1206 5522 et
1225 5466 1284 5522 haee
1301 5463 1414 5537 epistola
1426 5505 1433 5528 ‚
1446 5461 1537 5529 jndice
1557 5461 1684 5529 Petario,
1706 5462 1734 5518 in
1749 5461 1817 5534 Epi·

1017 5537 1100 5609 pban.
1116 5554 1176 5610 pag.
1191 5536 1256 5595 238.
1271 5537 1319 5593 list
1332 5537 1360 5593 in
1379 5536 1543 5594 collectione
1562 5533 1670 5591 isidori.

1052 5613 1062 5644 ¹
1076 5612 1167 5666 lnuoc.
1179 5610 1190 5665 1
1201 5652 1209 5678 ,
1221 5611 1301 5680 epist.
1315 5611 1344 5664 l.

1052 5681 1074 5713 ¹¹
1088 5681 1159 5748 Leo,
1171 5685 1250 5752 epist.
1263 5681 1307 5739 ib.

1012 5819 1034 5830 ..
1051 5752 1070 5785 ¹¹
1087 5751 1118 5811 lu
1129 5754 1213 5812 Cone.
1225 5751 1455 5812 Neocaesareensi.
