3900 6134
182 235 234 296 bil
776 228 994 291 rouobosttts
1013 231 1058 290 ΕΤ
1077 231 1247 292 bactros.
1777 229 1831 291 bib

181 351 316 426 publicam
335 365 416 408 manu
431 365 522 422 agero.
538 349 636 407 ilostes
651 347 788 405 venditam
803 362 924 420 operam,
942 348 1021 412 lant
1039 349 1059 404 'a
1070 347 1202 406 xxxvtl.
1223 349 1278 408 Nec
1294 351 1335 423 pia
1353 352 1360 384 ¹
1378 352 1507 410 damona
1522 351 1712 420 cunctantius,
1733 352 1777 409 ubi
1801 362 1830 411 ts

181 455 301 504 ceratam
313 444 430 514 ltaliam,
446 458 523 517 spem
544 443 570 499 in
586 444 657 500 terro
671 441 807 514 reliquam
817 443 980 515 cogitantes,
1032 442 1117 501 adore
1128 442 1299 512 nuntiatum,
1314 444 1439 515 impulsis
1453 443 1537 500 ellusa
1554 445 1639 516 portis
1649 444 1756 501 obviam
1767 458 1832 515 pro·

180 537 340 611 gladiatoria
374 536 565 609 desperatione
586 551 716 608 pugnare,
752 549 803 592 uec
833 535 917 607 gradu
936 551 982 593 ce·
1033 535 1144 603 volarit,
1160 542 1197 602 et,
1213 544 1243 591 ut
1255 543 1297 591 est
1316 551 1398 591 omno
1411 533 1576 591 desiderium
1593 545 1655 607 post
1678 550 1753 605 spem
1777 535 1830 591 im·

180 629 255 695 dere,
271 629 319 686 sed
335 629 363 685 iu
377 629 492 701 vestigio
506 638 592 696 stare,
608 629 650 686 nat
663 629 774 685 cadere.
1032 628 1186 700 patientius,
1200 643 1294 698 parum
1310 627 1427 684 credens
1440 636 1532 697 patere
1546 626 1677 694 uenienti,
1693 625 1831 683 lestioanit

215 720 339 778 XXXVI.
353 725 387 778 At
402 722 448 778 ubi
462 722 576 794 impulsa
589 722 674 788 acies,
688 720 818 793 fronsque
839 720 938 789 laxata,
953 729 982 779 ct
1031 735 1178 778 occursare
1193 728 1318 776 uenturo.
1337 719 1347 758 f
1362 719 1454 790 Fingit
1466 718 1598 790 quidem,
1620 729 1650 774 ut
1662 719 1781 784 scimus,
1795 718 1831 775 ti·

179 813 302 870 ¹liducia
324 813 352 870 in
376 814 460 885 pedes
480 828 557 870 reesa
576 822 627 881 est,
653 814 693 870 ire
716 812 880 884 praecipites,
901 821 948 868 aut
967 822 980 850 ι
1031 829 1091 870 mor
1105 814 1251 885 gandium,
1269 812 1317 868 sed
1334 814 1370 867 ita
1383 811 1495 868 intimos
1520 811 1620 867 mentis
1638 810 1753 868 affectus
1767 825 1829 882 pro·

177 908 259 981 globo
272 908 376 980 iugero,
391 917 463 965 etse
477 909 592 965 invicem
614 907 768 964 festinando
789 906 908 963 tardare.
928 906 981 962 br·
1031 905 1103 961 ditor
1114 906 1203 960 uultus
1214 913 1226 950 a
1238 904 1378 969 enuntiat,
1391 912 1420 957 ut
1430 902 1456 957 in
1471 903 1583 973 speculo
1594 901 1723 959 frontium
1738 903 1828 975 imago

178 1001 259 1068 mati,
276 1000 409 1069 inermes,
424 1001 538 1071 integri,
556 1000 657 1068 saucii,
675 999 774 1071 primi,
791 999 980 1071 postremique
1030 1005 1104 1054 extat
1117 996 1282 1050 animorum.
1300 995 1378 1051 Velut
1392 994 1439 1051 illa
1449 994 1545 1050 ciuitas
1559 1010 1573 1049 a
1587 993 1665 1066 lorngn
1681 995 1829 1053 obsidione

178 1093 299 1150 misceri.
326 1094 404 1150 lliles
424 1108 521 1165 urgere
542 1094 666 1161 eminus,
691 1092 834 1162 cuminus,
862 1091 977 1164 gladiis,
1031 1088 1178 1159 respirans,
1193 1087 1265 1160 qnod
1292 1103 1351 1142 earn
1372 1098 1501 1160 tyrannus
1527 1087 1826 1159 alpibnsobjacentem

178 1186 284 1253 bustis,
308 1187 318 1218 ¹
343 1187 482 1258 punctim,
505 1185 598 1242 caesim
618 1185 711 1242 lerire.
732 1184 810 1241 etti*
833 1183 980 1256 poplitibus
1031 1181 1241 1253 tamquambetli
1254 1180 1499 1242 limenattrinerat,
1512 1188 1586 1237 ιιιιιι
1600 1177 1827 1236 secthtamsim-

176 1280 339 1346 imminere,
354 1278 401 1335 aiii
415 1288 488 1350 terga
506 1278 659 1349 configere,
675 1287 722 1333 aut
745 1291 813 1348 quos
827 1291 911 1331 cursu
925 1290 979 1332 nou
1029 1273 1092 1344 plici
1112 1273 1280 1330 extritatione
1291 1273 1421 1344 jactabat,
1437 1282 1467 1329 ut
1489 1274 1516 1329 ni
1535 1280 1609 1330 esset
1623 1272 1688 1330 uera
1710 1274 1826 1341 laetitia,

177 1383 303 1447 poterant
326 1374 338 1405 ⁸
362 1372 535 1444 contingere,
558 1368 684 1442 jncultsl
708 1382 851 1440 occupare.
874 1369 977 1436 drma',
1029 1367 1111 1424 rninnia
1127 1366 1275 1423 rideretur.
1302 1366 1437 1423 Ferebant
1456 1381 1486 1422 se
1511 1366 1598 1423 obvia
1618 1366 1827 1438 tripudiantium

177 1466 247 1532 tela,
261 1465 342 1537 equi,
357 1464 500 1530 bomines,
521 1463 599 1529 uiua,
616 1470 774 1534 perempta,
790 1476 889 1533 prona,
904 1460 979 1531 supi·
1029 1457 1270 1517 brennacensis
1284 1471 1376 1527 mutu,
1388 1468 1417 1516 et
1429 1461 1439 1491 ²
1450 1459 1562 1516 crotalis
1573 1460 1765 1531 personabant.
1778 1460 1827 1519 llic

177 1574 268 1632 ttaqne
281 1574 395 1631 corpora
410 1558 530 1630 passim,
546 1556 589 1612 rel
603 1556 629 1612 in
642 1555 850 1627 acarsojncere.
868 1554 908 1610 llli
919 1569 979 1609 mu·
1029 1553 1078 1609 tibi
1093 1554 1258 1624 triumphum
1270 1552 1384 1621 eborus;
1401 1554 1554 1611 illecontra
1565 1565 1682 1625 turstano
1698 1553 1827 1611 funebres

175 1653 233 1710 tilis
243 1652 395 1724 excisisque
406 1650 534 1708 membris
545 1692 553 1717 ,
564 1650 667 1720 reliqua
680 1649 721 1705 sui
734 1658 811 1718 parte
822 1646 976 1717 fugiebant3
1029 1647 1041 1681 ⁸
1055 1648 1159 1703 nenias
1180 1655 1208 1704 et
1220 1663 1331 1705 carmen
1347 1647 1492 1720 exequiale
1516 1647 1634 1703 dicebat.
1666 1647 1714 1703 llic
1729 1662 1827 1718 perpe·

175 1743 203 1800 bi
218 1744 341 1800 dolorem
354 1741 496 1800 vulnerum
512 1742 716 1812 sequebamur,
731 1740 775 1795 isti
793 1750 804 1779 0
819 1744 1016 1806 monuere-13
1030 1749 1106 1797 tuum
1120 1741 1198 1797 uictis
1212 1741 1332 1807 abitum;
1350 1742 1396 1797 illc
1411 1741 1561 1797 uictoribus
1573 1740 1700 1797 crebrum
1715 1741 1825 1812 optabat

175 1845 268 1907 ceptus
283 1834 309 1890 io
324 1835 425 1902 silvas,
440 1842 468 1890 et
480 1833 591 1890 flumina
607 1831 776 1890 deierebant.
792 1831 849 1888 lllic
868 1840 975 1904 postre-
1027 1833 1185 1891 adrentum.
1206 1833 1266 1890 lam
1281 1849 1453 1906 quocumque
1474 1836 1585 1890 tulisses
1597 1835 1711 1905 gradum
1725 1836 1824 1906 sequi,

92 1999 94 2004 ἲ
174 1942 249 1985 muro
269 1928 394 1997 spirltum
418 1928 444 1982 in
467 1926 647 1983 admiratione
669 1925 786 1981 nominis
804 1926 861 1992 tui,
883 1933 911 1981 et
933 1926 975 1981 stri
1027 1925 1253 1991 circumcursare,
1270 1925 1443 1996 praecedere;
1457 1926 1513 1982 rias
1528 1925 1657 1996 deniqne,
1673 1926 1826 1998 quibusle-

174 2019 252 2077 ducis
266 2019 448 2077 detestatione
463 2018 621 2076 tundebant.
640 2016 808 2090 anlnsssllnis
830 2017 951 2074 cadendi
966 2059 974 2086 ,
1027 2017 1142 2082 rebaris,
1156 2017 1310 2074 obstruere.
1326 2017 1421 2073 Nullus
1434 2018 1560 2087 cuiquam
1573 2018 1614 2073 sui
1630 2016 1703 2074 tuine
1716 2033 1825 2090 respec-

173 2111 404 2183 lusequeudiqne,
417 2111 469 2166 nisi
480 2110 660 2167 subtraxisset
671 2110 817 2182 aliqnando
827 2110 975 2167 victoribus
1027 2121 1069 2168 tus
1083 2110 1210 2167 blandam
1226 2110 1273 2166 tibi
1286 2109 1403 2167 iaciebat
1417 2110 1544 2181 injuriam
1560 2110 1750 2168 icontumacia
1759 2128 1824 2183 gau·

174 2205 387 2272 morsbostem,
404 2200 974 2273 euronotumlltqoantnmeliustma·
1026 2207 1144 2263 diorum.
1179 2204 1249 2275 Quid
1288 2221 1339 2277 ego
1366 2204 1482 2262 reieram
1505 2206 1580 2276 ipro
1606 2206 1743 2262 moeoibus
1766 2207 1824 2263 suis

174 2310 226 2352 nus
239 2294 283 2350 illa
293 2294 444 2362 consuluit,
456 2311 517 2367 quae
529 2296 673 2352 submissis
683 2295 854 2368 precabunda
868 2297 975 2352 vexillis
1026 2301 1124 2356 testum
1141 2299 1236 2355 liberae
1250 2298 1564 2366 nobilitatisoccursum,
1574 2299 1737 2372 conspicuos
1747 2309 1824 2357 suste

174 2386 275 2459 petiit'
289 2387 394 2443 reniam
408 2389 589 2459 necessitatis,
604 2395 633 2442 et
645 2396 745 2445 terram
757 2389 785 2444 in
800 2385 899 2443 osculis
913 2402 975 2458 pre·
1026 2394 1106 2449 nivea
1122 2400 1282 2457 senatores,
1309 2390 1473 2447 reverendos
1491 2391 1502 2423 ⁸
1524 2394 1680 2464 municipali
1703 2409 1823 2467 purpura

175 2493 253 2537 mens
275 2479 404 2536 calcanda
417 2490 430 2518 ι
444 2480 566 2551 uestigiis
580 2480 634 2536 tuis
648 2495 761 2552 corpora
781 2489 809 2537 ιι
822 2495 896 2536 arma
913 2495 975 2551 pro·
1025 2485 1158 2551 domines,
1168 2485 1179 2516 ⁸
1188 2485 1307 2555 insignes
1321 2484 1441 2555 apicibus
1451 2485 1630 2543 sacerdotest
1644 2488 1714 2557 Quid
1731 2497 1823 2561 portas
1847 2530 1850 2537 .

171 2572 257 2647 jeciti
269 2574 355 2643 Quam
372 2582 399 2631 tu
414 2591 467 2632 noo
483 2576 616 2647 superbe,
636 2586 667 2633 ut
681 2576 794 2642 rictam,
819 2591 872 2632 non
887 2577 972 2645 irato,
1025 2580 1177 2637 uirentibus
1190 2580 1271 2635 sertis
1283 2579 1450 2635 coronatas?
1465 2579 1535 2648 Quid
1549 2577 1562 2617 ¹¹
1576 2581 1670 2636 aulaeis
1686 2582 1822 2639 undantes

174 2676 206 2724 ιιι
217 2682 308 2733 mam,
325 2682 379 2726 nou
400 2668 584 2740 negligenter,
609 2680 638 2725 ut
656 2684 750 2746 parum
771 2671 972 2737 necessariam,
1026 2673 1140 2744 plateas,
1164 2672 1340 2742 accensisque
1358 2671 1492 2727 [urnalibus
1512 2681 1620 2727 auctum
1633 2671 1726 2729 diem?
1750 2672 1822 2742 outo

175 2762 338 2833 praeteristi,
354 2764 402 2818 sed
418 2763 516 2822 blande
539 2764 741 2834 liberaliterque
763 2774 903 2821 tractatam
916 2765 975 2835 ius·
1024 2765 1138 2823 abusam
1155 2766 1181 2821 io
1196 2764 1333 2836 publicum
1345 2764 1450 2819 turinum
1463 2763 1649 2833 ‘domorum'
1656 2767 1822 2839 gratulantes

173 2850 235 2908 sisti
248 2867 309 2910 esse
324 2852 487 2910 Romanam.
500 2855 655 2927 iunguntur
665 2856 736 2912 socia
748 2858 870 2928 agmina,
887 2857 974 2915 etsub
1025 2860 1105 2915 aunis
1120 2873 1210 2925 senes,
1225 2870 1324 2930 pucros
1353 2856 1400 2912 tibi
1417 2856 1525 2927 longam
1539 2859 1698 2915 servitutem
1719 2873 1822 2917 roren-

174 2958 230 3001 uno
250 2946 338 3018 capite
361 2946 469 3004 diversa
491 2949 647 3020 reipublice
664 2950 785 3007 membra
806 2950 972 3008 coalescunt.
1026 2959 1078 3019 tes,
1091 2957 1195 3005 matres
1218 2948 1313 3014 latas,
1341 2947 1515 3018 virginesque
1541 2950 1671 3005 securas?
1697 2948 1823 3008 Nondum

174 3035 262 3093 Ambo
277 3039 333 3109 pari
348 3040 448 3110 gaudio
462 3040 588 3097 teruntur
601 3043 751 3099 exercitus.
768 3043 817 3100 llic
828 3059 911 3115 opera
925 3059 973 3100 sua
1024 3057 1106 3099 omne
1118 3041 1277 3098 corrieceras
1290 3040 1401 3106 bellum,
1409 3040 1466 3111 jaro
1479 3040 1579 3112 agebas
1591 3041 1770 3115 triumphum.

172 3126 288 3198 gaudet,
303 3129 347 3188 bic
362 3132 457 3198 nenia,
471 3142 584 3204 uterque
597 3133 721 3191 uictoria.
986 3127 1009 3190 G
1062 3132 1206 3192 xxxttll.
1226 3132 1285 3190 lbat
1303 3132 1414 3189 interim
1428 3131 1570 3202 llarimus,
1584 3149 1616 3190 ac
1629 3144 1655 3191 te
1672 3144 1733 3207 post
1746 3145 1825 3208 terga

853 3228 1142 3290 mluubbssrlltu

206 3316 398 3445 ιιιιιι·
1308 3403 1333 3449 .

208 3472 223 3574 3
243 3404 500 3588 bffib}¹b⁸tg?m³¹⁹⁵
512 3462 614 3535 plagas.
1061 3469 1072 3591 5¹
1093 3409 1374 3595 suffragiumque
1386 3465 1469 3522 nimis
1482 3465 1629 3522 obstinata.

211 3615 224 3644 ο
243 3599 388 3660 Gressibus
408 3603 472 3660 tuis.
1060 3610 1074 3648 k
1093 3611 1208 3667 Ornatas
1222 3607 1387 3665 undantibus
1403 3607 1518 3682 tapetis*

211 3673 222 3715 t
242 3669 375 3730 Laetitiam
390 3675 519 3733 simulare
532 3686 631 3748 potest.

929 3769 1044 3829 ΝΟΜ.

207 3881 329 3941 llltlttl.
340 3917 376 3927 -
389 3888 397 3918 ¹
412 3885 524 3942 Fiducia
535 3889 562 3942 in
577 3887 653 3960 pedes
667 3903 738 3944 aerea
752 3896 798 3942 est.
813 3890 852 3943 Ac
862 3901 925 3956 spes
945 3887 971 3943 in
1025 3882 1157 3940 balduino
1170 3881 1277 3938 ridetur
1292 3882 1317 3938 id
1334 3881 1367 3938 de
1380 3883 1503 3953 Aquileia
1519 3885 1575 3956 ipsa
1595 3885 1820 3957 intelligendum,

170 3952 231 4025 luga
254 3957 316 4024 poni
332 3966 420 4026 coepta
438 3967 489 4013 est.
511 3959 652 4027 Sumptnm
672 3958 790 4014 illudent
810 3959 972 4029 panegyrico
1025 3956 1070 4012 ubi
1094 3963 1259 4024 postremum
1282 3955 1368 4010 rictus
1383 3963 1425 4011 est
1438 3954 1578 4012 blasimus.
1603 3956 1656 4014 Sed
1671 3959 1741 4015 male
1762 3976 1822 4016 mea

170 4023 358 4091 Constantini,
378 4036 490 4082 atrctore
503 4028 631 4089 Nazario,
647 4045 674 4084 rr.
688 4027 742 4094 28,
761 4028 805 4083 ubi
820 4029 972 4083 relaxaverit
1024 4026 1132 4099 quidem
1146 4024 1289 4080 sententia.
1602 4056 1603 4059 =

171 4095 250 4158 acies,
265 4105 309 4150 aut
323 4100 396 4164 [rnna
403 4098 517 4168 impulsa
526 4098 683 4164 titubaverit,
698 4099 795 4169 fiducia
809 4115 930 4154 manuum
944 4101 971 4154 in
1060 4100 1070 4129 ¹
1086 4095 1208 4151 Cratalis.
1232 4095 1369 4151 Crotalum
1384 4105 1444 4153 erat
1462 4097 1656 4168 crepitaculum
1672 4115 1705 4156 cr
1729 4101 1820 4172 ligno,

172 4165 251 4237 pedes
264 4182 338 4221 aare
351 4177 400 4223 eet.
1023 4183 1094 4234 aare,
1111 4167 1196 4222 aliurn
1207 4169 1319 4224 materia
1332 4169 1369 4223 ita
1383 4170 1572 4224 courcinnutum
1585 4211 1592 4236 ,
1607 4179 1637 4224 ut
1650 4170 1759 4227 elllcerc
1777 4187 1823 4226 so-

208 4239 218 4268 ¹
236 4235 367 4304 Punctim,
384 4240 471 4294 caesim
484 4239 571 4308 ferire.
584 4239 662 4298 blodo
675 4241 815 4312 cuspidem
837 4243 968 4297 intentan-
1023 4255 1087 4295 nunt
1110 4247 1203 4308 posset
1225 4254 1305 4294 nnanu
1328 4237 1446 4310 pulsum.
1462 4240 1569 4296 crotala
1590 4240 1748 4299 dicta'sunt
1770 4247 1822 4301 ἀπὸ

172 4315 224 4372 tes,
246 4311 327 4365 modo
350 4317 432 4366 totam
455 4311 535 4382 gladii
561 4312 658 4369 molem
673 4314 810 4369 vibrantes
832 4327 907 4383 :qua
931 4314 971 4368 ln·
991 4334 997 4341 ·
1021 4319 1067 4368 aab
1081 4335 1096 4366 n
1114 4313 1182 4367 adanu
1195 4324 1210 4364 a
1224 4308 1408 4380 percutiendo.

170 4380 271 4450 quendi
291 4379 404 4436 formula
421 4388 533 4438 ntrmtur
545 4382 640 4439 Liuius
653 4393 681 4441 et
695 4383 832 4455 vegetius.
856 4385 970 4455 ipsaque
1058 4381 1069 4415 ⁸
1117 4383 1207 4437 curias.
1224 4382 1406 4447 Quintilianus
1427 4381 1447 4436 l.
1463 4397 1526 4446 rrrr,
1540 4381 1600 4437 cb
1621 4401 1628 4436 :
1653 4380 1793 4459 Carment
1812 4417 1823 4428 ·

170 4451 253 4506 cessit
273 4451 299 4506 iu
315 4454 498 4522 proverbium,
514 4467 563 4524 pro
582 4454 700 4527 eoquod
714 4464 757 4513 est
778 4459 839 4511 totis
852 4455 968 4523 uiribus,
1020 4453 1097 4509 nebre
1116 4452 1220 4524 proprie
1232 4452 1316 4506 naenia
1328 4451 1440 4518 dicitur,
1456 4468 1469 4506 a
1485 4457 1581 4509 νείατον
1600 4455 1735 4512 ultionum.
1757 4456 1824 4512 Erat

171 4523 290 4588 oninique
304 4533 398 4578 conatu
411 4541 561 4596 remagere.
1021 4525 1093 4581 coint
1109 4523 1233 4578 ultimum
1256 4521 1328 4592 quod
1346 4520 1480 4579 defunctis
1502 4534 1661 4589 caneretur,
1678 4526 1711 4580 ad
1728 4527 1821 4583 tibiam

208 4591 380 4665 ¹l’opiitibus
403 4597 544 4653 interimere.
572 4594 641 4655 'lale'
661 4597 727 4654 iilud
751 4596 854 4654 Horatii
878 4596 897 4652 l.
921 4611 968 4665 ιιι,
983 4605 1010 4670 1)
1023 4603 1086 4652 ante
1100 4593 1216 4652 cadaver
1232 4594 1379 4663 sepultum.
1397 4593 1490 4649 llorant.
1507 4595 1527 4650 l.
1544 4610 1579 4660 u,
1595 4596 1640 4650 od.
1656 4596 1714 4652 bb:
1732 4598 1824 4655 Absint

171 4661 217 4718 ao.
233 4663 271 4720 l:
1023 4666 1097 4751 inani
1126 4670 1217 4738 [unae
1243 4665 1352 4733 naeniae,
1376 4662 1522 4736 Luctusque
1545 4674 1670 4737 turparet
1694 4669 1823 4740 querima

235 4777 334 4889 ⁸⁰52}
345 4777 722 4896 ffssffffibgffiifffigggmmr
1024 4752 1075 4838 'mr
1085 4746 1239 4875 'subiiciunt'
1253 4820 1368 4889 purpura
1380 4807 1508 4891 flamines.
1518 4789 1634 4892 ‘Videtur
1647 4825 1678 4867 ιι
1695 4810 1746 4866 boc
1760 4811 1822 4869 loco

266 4856 412 4966 Poptbtuns,
426 4859 635 4971 timidoneltverga.
1024 4877 1213 4934 nonnullarum
1238 4886 1376 4932 ernustum
1401 4876 1524 4934 barnroes
1547 4880 1673 4937 babuisse
1689 4879 1733 4952 jus
1756 4897 1821 4954 pur-

1044 4964 1109 5006 nra.

172 5059 192 5093 ·.
208 5007 218 5040 ⁸
234 5007 393 5082 Contiapere.
410 5011 450 5069 lta
473 5013 587 5070 restituo
606 5029 668 5071 cum
681 5014 817 5085 Grutcro,
839 5031 888 5089 pro
910 5034 972 5073 aaa·
1023 4961 1042 5018 p
1059 5022 1070 5052 ⁸
1088 5018 1236 5088 insignesa
1259 5018 1348 5074 ‘cibun
1361 5017 1390 5074 ld
1403 5029 1465 5086 cst,
1481 5021 1599 5092 insigniti
1615 5021 1692 5092 pilcis
1707 5024 1734 5078 in
1754 5038 1823 5080 acu·

171 5090 262 5136 tmere.
295 5155 301 5167 ¹
496 5156 502 5169 ⁹
1024 5106 1086 5147 men
1100 5035 1302 5154 destnenrlffin,
1325 5104 1395 5161 quos
1415 5093 1477 5162 quia
1501 5093 1596 5148 aestivo
1617 5104 1739 5162 tempore
1754 5096 1822 5150 citra

209 5151 220 5182 ⁶
239 5149 346 5209 Vetunnr
357 5155 524 5211 nneceaaitutrs.
539 5156 689 5214 Postulavit
700 5158 804 5229 ignosci
817 5157 884 5225 sibl,
896 5158 971 5228 quod
1022 5162 1173 5218 molestiam
1197 5160 1268 5215 ierre
1282 5174 1334 5213 non
1356 5169 1496 5230 poterant,
1513 5173 1540 5217 et
1554 5164 1633 5218 nudis
1648 5163 1755 5234 penitus
1777 5180 1824 5221 cn·

172 5226 336 5282 necessitate
352 5227 466 5295 impulsa
482 5239 575 5283 rorrtra
592 5238 619 5284 te
635 5237 789 5311 pugnasset.
1021 5233 1122 5358 Ritibus
1144 5229 1270 5286 incedere
1287 5232 1364 5287 nelos
1377 5242 1455 5298 erat,
1482 5233 1527 5288 oto
1548 5235 1698 5306 religarunt
1719 5255 1727 5292 ι
1750 5237 1823 5292 urrdu

210 5292 969 5369 xxxvto-ulamma.Urusaqnnetnnernroesbcia
1041 5303 1144 5357 aminea
1158 5301 1223 5356 dicti
1238 5310 1311 5364 sunt,
1326 5302 1403 5373 quasi
1419 5304 1560 5360 litamines.

173 5366 655 5426 tendentiinitinereltodieLanbaeb.
670 5368 817 5424 lilrenanus
827 5382 971 5426 vcroerrat
1058 5373 1069 5404 ⁸
1088 5370 1241 5426 Danaorum.
1256 5372 1286 5427 ld
1301 5382 1353 5439 cst,
1370 5373 1482 5431 eduum
1497 5389 1512 5431 e
1525 5374 1651 5431 domibus
1673 5375 1823 5434 multitudi-

173 5442 203 5491 ut
215 5434 352 5494 Liuineius
367 5449 441 5498 recte
455 5441 581 5501 aduertit,
593 5455 654 5496 cnm
665 5454 716 5511 pro
729 5438 970 5512 lloernanareponit
1022 5459 1095 5499 nem.
1112 5442 1201 5512 Aliqui
1217 5442 1310 5512 legarat
1321 5442 1457 5502 banorum.
1470 5446 1500 5501 ln
1512 5445 1571 5502 aliis
1585 5446 1753 5504 editionibus
1770 5463 1824 5505 nox

174 5503 295 5564 Narona.
319 5510 385 5566 tiam
400 5511 537 5582 quomodo
549 5511 719 5568 ‘lirendosius
739 5511 891 5568 exercitum
907 5526 970 5582 pro·
1021 5513 1067 5571 ilia
1080 5516 1160 5586 plane
1171 5517 1342 5585 expungitur.

174 5588 334 5647 perunum,
349 5592 378 5636 ιιι
397 5583 483 5651 spatia
503 5582 569 5637 lucie
587 5584 663 5638 unius
681 5581 791 5654 illyrica
811 5582 971 5639 continuaret
1058 5586 1069 5618 '
1090 5583 1255 5642 Gratatantee
1273 5587 1335 5640 anni
1355 5603 1436 5643 renes.
1461 5586 1557 5645 Siroile
1578 5589 1705 5660 quiddam
1730 5598 1772 5645 est
1795 5588 1822 5643 in

176 5644 324 5706 mileion
340 5651 405 5733 quic
429 5653 547 5733 loquitur
560 5652 689 5724 Pacatus)
704 5650 860 5727 longissimo
885 5663 970 5709 tractu
1022 5654 1102 5712 Plinii
1118 5670 1213 5728 paneg.
1231 5672 1257 5711 rr.
1274 5655 1330 5732 Ὡς
1347 5655 1494 5746 Teparunli
1503 5674 1608 5716 auxere
1618 5701 1626 5729 ,
1638 5660 1768 5717 ostentare
1776 5658 1825 5730 iia·

172 5707 252 5770 deuo
261 5727 324 5787 agat
337 5734 367 5774 nn
379 5719 466 5777 imum
479 5738 551 5793 pene
565 5723 713 5792 tttrrtaom,
728 5722 772 5780 dbl
787 5721 831 5780 ιιι
842 5720 971 5783 baronti
1022 5724 1116 5791 ιιιιιι,
1131 5726 1223 5781 mirari
1235 5737 1325 5793 rena,
1339 5737 1394 5783 etc.
