3900 6134
179 222 235 283 ito
743 235 755 256 ⁸
772 214 930 276 SANCTUS
949 215 1111 280 bthtsbs
1130 216 1231 277 cant.

179 331 353 406 strntinopcli
368 340 545 404 congregatos
560 329 743 384 controuersia
766 342 828 384 esse
850 328 1136 405 poterat‚Alegerit.
1163 317 1264 386 Censet
1291 329 1372 386 etiam
1397 343 1430 384 en
1456 327 1516 384 locu
1542 329 1584 400 agi
1606 328 1641 387 de
1663 329 1830 391 Antiocheno

179 427 245 497 quiin
258 423 390 483 Catholici
403 421 508 490 inirent,
524 431 603 492 atque
616 421 649 475 ad
663 421 885 477 communionem
909 420 980 476 reei-
1031 424 1177 483 schismate
1195 433 1258 479 tnnc
1269 423 1393 490 sublato,
1410 437 1441 477 ac
1455 431 1546 479 mutua
1562 423 1751 485 dissidentium
1765 440 1831 483 con-

179 516 282 590 plendi.
298 515 392 572 Canon
407 515 499 586 itaque
512 512 556 568 ille
574 512 686 568 secundi
701 512 810 584 generis
833 510 981 567 Aritioclte·
1030 515 1120 572 cordia
1136 517 1270 582 extincto,
1283 515 1354 586 quod
1368 525 1472 572 eertum
1487 517 1598 577 omnino
1611 528 1673 586 est;
1691 534 1752 577 ctam
1766 519 1831 578 Gre-

180 609 366 677 nnsrespieit,
380 620 448 676 quos
459 604 493 661 ad
505 604 723 661 communionem
738 605 907 676 recipiendos
918 617 980 660 esse
1030 605 1122 679 gorius
1140 606 1174 662 de
1195 609 1357 678 reintegrata
1372 607 1504 664 charitate
1527 609 1626 680 grandin
1650 610 1783 675 auectus.
1799 614 1832 671 ad

1778 217 1832 277 iso

178 703 270 776 jubet,
293 716 454 772 qrrarnquam
480 711 534 755 tres
558 700 719 772 hypostases
740 698 851 753 minime
871 696 982 768 prolite-

181 807 292 861 rcntur,
306 795 383 866 cujus
398 797 435 851 rei
453 807 550 849 causas
563 793 628 848 alihi
641 792 825 862 exposuimus.
848 790 902 845 Gur
915 804 981 845 vero

183 888 387 943 occidentalium
402 887 464 942 tomi
481 886 524 942 hic
539 887 642 941 mentio
665 892 719 950 est,
735 893 781 939 aut
795 882 855 955 qrris
881 881 926 937 hie
941 891 982 937 to-

182 982 260 1036 musl
277 978 484 1033 occidentalium
504 992 571 1033 uoce
592 978 743 1031 ltomanuru
768 989 850 1029 unum
872 972 982 1044 pontili-

184 1088 242 1128 cem
256 1071 329 1127 relnt
342 1086 437 1126 eornm
450 1080 549 1140 caput,
566 1081 593 1124 et
608 1085 623 1124 c
638 1069 743 1144 synodo
757 1083 804 1123 sua
824 1069 982 1138 plerumque

183 1151 366 1232 scribentem,
382 1162 512 1218 aGraecis
523 1161 658 1232 designari
672 1161 797 1225 solitum,
811 1170 864 1213 tarn
876 1171 982 1214 ceruum

184 1270 240 1326 est,
265 1275 344 1329 ryuam
359 1257 430 1328 quod
451 1257 653 1312 certissimum:
667 1254 720 1309 uid.
735 1248 797 1323 cap‘.
809 1251 856 1307 ab.
877 1251 983 1316 Nemini

186 1359 317 1424 practerea
332 1349 477 1404 otis-eorum
492 1356 532 1402 cst
543 1348 605 1401 tund
617 1346 748 1401 uocabulo
760 1343 906 1415 sigmlicari
919 1341 984 1412 dog·

184 1429 981 1509 niraticasdellnitionesabeopropositas.llineBasilius(n)

184 1541 250 1595 alias
257 1540 363 1595 Damasi
377 1539 479 1593 litteras
489 1536 521 1590 nd
534 1534 687 1591 Orientales
698 1535 815 1604 scriptas
829 1532 985 1586 Occidente-

184 1635 247 1689 lium
261 1643 357 1687 torrium
370 1640 464 1698 vocat,
482 1641 563 1704 atque
578 1644 624 1685 cas
641 1627 722 1685 rehrti
736 1627 769 1684 ad
784 1629 846 1685 hdei
861 1643 983 1697 normam

103 1780 109 1788 ,
189 1735 328 1800 prouocat.

223 1819 278 1874 lloc
304 1819 383 1889 igitur
410 1817 470 1873 loco
495 1815 625 1887 agebatur
651 1815 685 1871 de
713 1816 802 1887 aliqua
831 1816 989 1873 delinitione

85 1901 88 1905 ¹
185 1909 301 1966 Romani
328 1909 465 1980 episcopi,
487 1908 599 1980 ejusque
612 1907 739 1974 crincilii,
754 1924 813 1980 quae
826 1908 860 1963 ad
882 1923 990 1964 eorum-

184 2001 245 2058 dem
261 2001 477 2056 hirticbenornm
498 2015 607 2056 causam
625 2001 789 2072 pertinerem
810 2011 838 2057 at
859 2001 990 2059 liamasus

185 2092 462 2148 anathematismum
476 2104 500 2147 et
516 2092 550 2146 it
562 2134 570 2159 ,
584 2093 689 2147 sublata
705 2095 784 2148 trium
813 2094 989 2156 dicendarum

186 2187 367 2258 hypostaseon
383 2184 558 2252 necessitate,
570 2200 617 2240 eos
632 2185 751 2256 perlecto
762 2185 917 2242 Catholicos
930 2201 991 2247 esso

187 2277 428 2348 pronuntiaverat,
443 2275 488 2347 qui
505 2292 584 2330 urium
605 2274 793 2344 diuinitatem,
809 2287 989 2349 potestatem,

90 2358 99 2374 ’
186 2370 353 2441 majestatem
367 2364 524 2438 angleriam
546 2366 655 2436 Patris,
681 2380 708 2423 et
725 2365 804 2434 Filii,
822 2377 849 2423 et
873 2367 992 2438 Spiritus

186 2465 288 2531 soracti,
304 2479 335 2518 ac
357 2471 412 2518 tres
426 2477 523 2531 ueras,
540 2463 674 2533 ecqualeS,
690 2478 799 2533 semper
812 2463 992 2521 subsistentes

188 2572 318 2629 personas
332 2556 535 2628 prolltcrentur.
552 2555 616 2611 llaec
632 2572 695 2612 reru
717 2567 774 2612 erat
788 2573 882 2613 eorum
896 2557 993 2613 Antio-

188 2650 336 2711 chenorom
350 2648 427 2715 tides,
438 2657 468 2704 ut
479 2666 511 2704 es
528 2644 694 2722 Hieronymo
704 2649 753 2722 (h),
765 2649 933 2706 Nazianzeno
943 2647 991 2726 (c),

188 2758 221 2798 ac
249 2759 281 2798 cx
306 2742 419 2797 Parilino
448 2743 507 2815 ipso
544 2751 666 2807 constat,
695 2758 780 2814 eaiyue
802 2743 917 2799 iorrrtula
937 2743 993 2799 hn-

190 2835 324 2892 tioehenm
348 2836 452 2908 synodo
475 2835 600 2906 adjecta,
624 2852 704 2908 qnam
727 2851 818 2892 coram
843 2837 993 2899 Athanasio

190 2928 329 3000 prolessns
343 2940 393 2983 est.
418 2927 467 2983 llle
492 2930 571 2999 igitur
596 2928 801 2985 Occidentaliunr
824 2941 905 2991 turnus
920 2928 992 2989 alind

191 3021 257 3076 nihil
280 3033 321 3076 est
344 3019 370 3074 in
395 3018 695 3090 Constantinopolitano
717 3036 750 3077 eu
765 3037 887 3089 canone,
911 3037 991 3094 quam

1032 701 1147 755 Arianos
1168 715 1228 754 sese
1250 711 1429 768 coruverteos,
1446 702 1490 771 quii
1513 710 1664 759 arroeactam
1687 703 1834 762 dissensio-

1033 808 1093 848 nem
1113 790 1258 847 Catholicis
1277 793 1377 864 probro
1392 802 1540 859 reserant,
1559 793 1609 849 titi
1621 806 1700 862 rard,
1718 797 1767 862 ait,
1784 799 1834 869 igi·

1032 896 1089 948 tur,
1104 888 1147 965 qui
1160 904 1199 942 res
1210 896 1311 942 nostrus
1324 899 1376 941 tom
1389 885 1467 951 berre,
1482 902 1560 956 quom
1576 888 1640 943 mols
1654 905 1681 943 re
1695 888 1834 957 babentes,

1032 979 1182 1044 obserbent,
1201 995 1252 1033 nun
1272 988 1300 1032 ut
1319 980 1455 1050 judicent,
1477 983 1522 1034 red
1542 988 1572 1034 ni
1592 980 1745 1050 irrrpruberat.
1760 983 1838 1056 dgito

1032 1073 1157 1143 igilium...
1186 1070 1220 1123 od
1242 1071 1377 1124 concilium
1402 1085 1444 1124 uos
1462 1070 1538 1125 etium
1560 1072 1629 1131 exuri
1647 1088 1780 1142 nocemur,
1806 1083 1837 1143 ut
1922 1137 1925 1142 ,

1034 1165 1181 1238 pudefacti,
1197 1163 1306 1234 uictique
1320 1162 1463 1228 recedatis,
1487 1163 1591 1236 cognita
1612 1164 1731 1221 triarirum
1755 1183 1787 1221 err
1805 1182 1836 1220 eu

1032 1265 1089 1329 ipro
1104 1258 1172 1330 grand
1191 1256 1388 1327 aegrotaoirnrrs,
1409 1266 1496 1310 nostra
1515 1256 1671 1312 enaritate...
1689 1254 1749 1311 Non
1769 1259 1838 1312 euim

1034 1352 1065 1406 de
1079 1350 1182 1404 Deltote
1195 1347 1381 1414 disacuainrur,·
1397 1347 1441 1400 red
1453 1345 1552 1401 ordinis
1568 1356 1592 1401 ct
1618 1348 1765 1420 discipline
1776 1365 1838 1403 cutt-

1034 1457 1063 1494 sn
1084 1441 1234 1495 centuriatos
1247 1455 1255 1493 .·
1270 1455 1316 1493 nee
1338 1439 1369 1492 de
1388 1455 1417 1492 eo
1438 1440 1505 1493 inter
1526 1456 1572 1494 nor
1592 1440 1721 1494 contentio
1735 1442 1835 1507 extitit,

1023 1540 1093 1584 uhu
1104 1530 1221 1599 impietus
1234 1529 1351 1600 eligendo
1363 1537 1436 1592 erret,
1451 1545 1515 1583 enne
1527 1545 1586 1603 pure
1602 1530 1685 1584 Deum
1698 1531 1838 1601 corrtraln't,

1035 1637 1067 1675 an
1081 1622 1126 1674 illc
1141 1636 1197 1690 quic
1211 1619 1340 1690 Spiritum
1364 1629 1481 1673 coricium
1500 1621 1654 1680 durntusoi.
1676 1621 1716 1676 rel
1740 1620 1839 1683 Filium

998 1732 1136 1796 nouoque
1157 1719 1276 1785 iprunru
1299 1715 1385 1768 diuino
1409 1714 1518 1769 caecutio
1544 1713 1711 1770 distrahit...
1737 1715 1842 1784 Quibus

1041 1808 1163 1880 prolecto
1179 1807 1269 1862 uerbis·
1289 1807 1464 1863 Paulinianos
1478 1823 1509 1862 ae
1529 1807 1685 1863 liclctianns
1707 1811 1841 1880 respicit,

1040 1921 1141 1983 eosque
1167 1920 1262 1960 tortines
1287 1904 1405 1975 periente
1420 1903 1573 1958 Catlrolicns
1597 1913 1624 1959 et
1644 1904 1755 1975 integrm
1777 1904 1840 1965 inei

1040 1996 1124 2052 luisse
1138 1997 1192 2063 ait,
1213 2012 1377 2068 tyrramqnam
1393 1995 1440 2050 alii
1454 1995 1489 2051 ob
1505 1997 1672 2052 reticentiam
1689 2000 1769 2053 trium
1791 1998 1842 2070 hy-

1041 2100 1185 2162 postascon
1205 2089 1242 2178 yle
1267 2089 1419 2147 sabelliana
1444 2088 1559 2156 lraeresi,
1582 2091 1627 2145 alii
1654 2105 1736 2156 veru,
1762 2105 1793 2144 ac
1817 2091 1841 2150 ui

1042 2182 1134 2237 hriani
1150 2191 1177 2236 et
1197 2180 1380 2237 llacedouiani
1395 2190 1507 2250 essent,
1527 2182 1694 2239 calumniose
1717 2183 1842 2241 traduce-

1041 2283 1154 2341 rentor,
1169 2274 1203 2327 ob
1217 2283 1351 2354 retentam
1375 2288 1436 2328 cum
1457 2274 1489 2329 iis
1511 2275 1680 2330 societatem.
1697 2275 1763 2331 Turn
1781 2292 1844 2347 per·

1042 2374 1099 2446 git:
1118 2372 1216 2428 Nostro
1231 2390 1281 2427 raon
1296 2373 1386 2427 eodem
1400 2372 1466 2426 roilo
1480 2381 1529 2427 est.
1552 2371 1622 2426 Num
1635 2372 1703 2443 priori
1721 2372 1756 2426 nd
1774 2373 1842 2427 uini·

1043 2469 1149 2522 nitatem
1174 2470 1283 2531 attinet,
1309 2466 1373 2519 inter
1406 2481 1452 2519 nor
1478 2465 1672 2534 consentimus,
1700 2465 1844 2537 tantumque

1043 2578 1140 2624 urrant,
1161 2570 1184 2614 et
1210 2577 1259 2615 una
1281 2577 1332 2613 urin
1355 2561 1500 2631 scitaris...
1520 2559 1616 2614 l'erum
1635 2561 1696 2615 nliir
1717 2559 1749 2616 de
1769 2562 1845 2621 rebar

1043 2654 1170 2708 condentia
1184 2654 1253 2708 inter
1265 2670 1310 2706 nos
1333 2654 1392 2725 [uit.
1409 2651 1480 2706 ttrite
1499 2653 1575 2707 etinru
1598 2652 1625 2706 id
1647 2652 1769 2726 paridem,
1794 2669 1845 2711 nott

1044 2746 1112 2799 enirn
1123 2745 1278 2814 inficiabor:
1294 2743 1364 2798 Nonr
1378 2760 1437 2798 cnm
1451 2745 1506 2812 fieri
1528 2760 1580 2798 trun
1602 2754 1703 2815 posset,
1719 2745 1781 2813 quin
1794 2746 1846 2799 nli·

1043 2839 1125 2909 qnid,
1143 2839 1257 2893 hommes
1278 2854 1336 2892 cnm
1351 2839 1446 2905 airuns,
1462 2853 1641 2910 peccaremus,
1657 2846 1772 2892 nostrum
1796 2838 1846 2895 lroc

1043 2943 1155 2986 erratum
1168 2931 1233 3005 linit,
1245 2929 1314 2999 nond
1330 2930 1409 2983 nimio
1423 2932 1530 2995 pastoris
1542 2944 1628 2985 unroco
1643 2927 1730 2995 offerti
1742 2944 1843 2993 annius,

1044 3040 1089 3077 rrer
1103 3039 1134 3078 en
1158 3020 1257 3075 dnobus
1273 3021 1345 3075 bonit
1369 3029 1454 3075 uirrtm
1480 3021 1561 3092 mugla
1584 3009 1757 3091 expetendum
1780 3029 1845 3075 erret

190 3112 306 3167 celebris
319 3111 364 3167 itta
376 3112 499 3167 Damasia
512 3113 640 3188 ecthesin,
654 3130 733 3184 quem
747 3116 864 3187 episcopi
881 3115 920 3171 itti
931 3131 991 3172 cum
1007 3122 1030 3186 c
1045 3115 1157 3184 reperire
1171 3115 1323 3182 potnirnur5
1347 3127 1477 3183 quousque
1501 3112 1527 3166 in
1543 3116 1591 3165 hoc
1613 3113 1795 3176 conueniatur,
1817 3119 1845 3167 ot

189 3219 240 3275 pro
260 3202 319 3275 lege
338 3204 485 3272 haberent,
501 3220 547 3260 eos
567 3221 635 3276 qaros
655 3217 735 3262 atttea
758 3223 806 3279 pro
820 3208 916 3272 allectis
941 3210 992 3265 lin·

191 3297 320 3360 buerunt,
334 3298 564 3368 complectuntur,
579 3299 695 3355 velutad
709 3301 767 3371 cy'us
782 3314 903 3356 normam
917 3317 993 3373 egre·

190 3390 233 3459 gie
247 3387 410 3443 catholicos.
427 3387 455 3444 ld
470 3404 534 3444 vern
555 3391 681 3461 estquod
701 3400 800 3461 practer
823 3392 930 3448 Damasi
954 3395 995 3466 ip-

191 3482 247 3536 sius
266 3491 355 3536 aetna
378 3483 524 3537 Sacazanio
541 3483 693 3554 publicata,
714 3484 862 3557 Eutychius
877 3486 994 3542 Alexan·

191 3573 284 3627 drinus
299 3575 498 3642 aperteasserit
511 3575 581 3644 apud
596 3574 794 3631 herrandotium
807 3577 900 3649 (abac
914 3594 994 3652 synn-

192 3665 268 3721 dicus
289 3665 395 3723 libellus
419 3683 472 3722 non
501 3669 615 3724 obscure
635 3668 753 3736 indicat,
770 3686 830 3726 curru
855 3673 911 3738 ait,
933 3688 993 3728 eum

193 3760 359 3831 pontificem,
373 3763 488 3818 cottecta
498 3761 714 3836 llirrncsynodo,
726 3767 845 3822 divinum
855 3768 994 3825 decretum

193 3856 320 3922 edidisse,
338 3865 365 3911 et
377 3856 410 3911 ad
431 3873 490 3911 eam
516 3874 577 3930 qrrae
591 3859 824 3930 Constantinopoli
837 3862 994 3931 cogebatur,

194 3947 320 4001 emisisse
334 3948 469 4019 synodum
484 3949 532 4017 (e).

229 4037 306 4094 ttrrm
320 4054 369 4110 ego
384 4053 535 4108 cainonem,
551 4050 580 4095 ut
594 4041 682 4097 obiter
698 4042 803 4112 dicam,
827 4043 935 4101 Meletio
948 4062 996 4102 nu·

194 4140 286 4197 etnre,
302 4130 379 4201 cuijus
394 4147 489 4203 magna
505 4146 570 4204 erga
590 4134 681 4189 sedem
703 4136 879 4205 apostoticam
899 4137 995 4195 obser·

195 4222 285 4277 nantia
308 4222 429 4301 prolecto
442 4222 512 4291 luit,
527 4225 665 4282 eonditum
681 4229 763 4284 luisse
784 4238 866 4301 puto,
883 4230 997 4287 dictam-

195 4329 248 4385 que
270 4330 301 4371 ea
317 4316 460 4373 occasione
475 4316 637 4374 Nazianzeni
658 4321 808 4377 orationem
826 4322 912 4379 lide
927 4323 996 4382 Pace

195 4407 361 4480 inscriptam.
388 4411 460 4467 Elias
483 4411 622 4468 Cretensis
645 4428 705 4469 eam
721 4414 805 4471 relect
824 4415 857 4472 ad
872 4416 996 4476 eamdem

1046 3220 1191 3268 urnuuoue
1216 3220 1276 3259 enni
1305 3219 1329 3259 tn
1352 3218 1438 3259 tauns
1453 3212 1477 3257 et
1498 3201 1668 3255 coniuratione
1683 3217 1843 3271 ponerentur.

1046 3303 1087 3355 hn
1110 3317 1176 3355 veru
1200 3300 1263 3370 quid
1280 3299 1399 3362 clarius,
1422 3308 1449 3353 et
1475 3296 1652 3367 exprimendo
1673 3294 1845 3352 Antiocheno

1045 3390 1182 3450 schismati
1208 3403 1234 3446 et
1255 3392 1390 3458 conscilio,
1410 3390 1481 3460 ryrrnd
1506 3399 1569 3446 tunc
1592 3388 1738 3444 habebatur
1752 3385 1845 3458 desig·

1045 3487 1171 3559 girando,
1188 3485 1278 3556 aptius
1296 3484 1359 3555 quid
1375 3482 1428 3538 dici
1442 3482 1567 3554 poterat?
1581 3481 1616 3537 tlt
1629 3494 1790 3550 quamquam
1803 3478 1847 3535 nir

1046 3579 1187 3648 exnurisitae
1204 3577 1353 3649 diligentia}
1370 3577 1404 3633 ad
1431 3576 1574 3631 veritatem
1599 3574 1708 3644 propius
1722 3587 1849 3628 accesse-
1920 3646 1924 3657 μ

1047 3674 1099 3740 rit,
1117 3671 1216 3724 tollitur
1233 3681 1340 3736 tamen,
1362 3684 1423 3723 cnm
1440 3676 1517 3737 putat
1537 3681 1619 3738 agere
1642 3665 1803 3736 Gregorium
1818 3663 1847 3720 iu

1047 3763 1215 3818 eiuratione
1235 3761 1268 3817 de
1284 3761 1412 3833 peculiari
1435 3775 1491 3815 suan
1519 3758 1647 3814 Ecclesiae
1668 3757 1798 3817 dissidio:
1815 3772 1849 3813 ex

1047 3857 1125 3926 cujus
1139 3857 1213 3911 clero
1227 3871 1288 3910 eum
1305 3853 1425 3925 aliquis,
1449 3863 1495 3906 atrt
1518 3852 1641 3920 hleletio,
1664 3861 1709 3906 ant
1736 3850 1849 3906 Paulino

968 3979 971 3983 ¹
1047 3960 1171 4014 taciturn,
1194 3946 1448 4004 connmmicandum
1472 3947 1615 4010 crederet,
1638 3959 1652 3998 a
1677 3943 1850 4000 Nazianzeno

1047 4044 1122 4114 ipso,
1137 4041 1183 4112 qul
1198 4057 1228 4096 se
1240 4041 1364 4111 designat
1378 4041 1483 4095 corrdidi
1497 4057 1527 4092 uc
1542 4039 1614 4109 probi
1626 4040 1708 4109 putris
1723 4037 1849 4109 nornine,

1047 4133 1229 4191 secessionem
1252 4133 1374 4198 iecerat,
1395 4147 1426 4186 ac
1448 4131 1545 4189 deirrde
1569 4130 1602 4183 ad
1621 4144 1682 4184 eum
1709 4128 1847 4195 redierat,

1047 4243 1126 4297 quem
1144 4225 1257 4297 proinde
1272 4224 1418 4292 Gregorius
1431 4223 1481 4294 titii
1495 4221 1655 4295 obsequentis
1672 4221 1732 4275 loco
1748 4220 1847 4276 inaltet:

1048 4335 1109 4375 nam
1126 4318 1148 4373 si
1162 4318 1223 4390 quis
1236 4320 1387 4372 orationem
1405 4317 1476 4370 illam
1493 4324 1566 4369 recte
1588 4313 1753 4387 perpendat,
1772 4311 1851 4369 iaciln

1047 4412 1225 4483 dijudicabit,
1243 4410 1409 4466 'lillemnntii
1426 4409 1678 4477 interpretationem
1695 4406 1769 4460 rrrrllo
1790 4406 1850 4460 lun·

195 4516 304 4556 cansam
317 4545 324 4568 ,
339 4504 374 4559 ob
388 4519 468 4574 quam
480 4505 568 4560 oratio
583 4504 617 4560 ti
629 4505 720 4562 habita
737 4506 841 4575 luctui,
857 4507 890 4562 ad
905 4509 996 4564 subla·
1013 4504 1177 4572 Ddanrento
1202 4503 1251 4557 niti
1269 4520 1275 4555 :
1299 4501 1432 4570 siqnidem
1455 4498 1640 4554 hrrztaozenns
1660 4497 1766 4568 ntrique
1781 4495 1850 4567 parti

196 4602 252 4647 tum
270 4611 366 4667 nempe
382 4595 591 4662 llonachorum,
613 4599 659 4668 qui
682 4599 716 4652 ab
730 4599 789 4671 ejus
804 4611 880 4670 parte
893 4600 995 4656 disces·

197 4699 305 4753 serum,
328 4690 455 4744 schisma.
478 4690 570 4747 Billius
584 4691 630 4762 tyni
653 4694 748 4747 merito
762 4693 889 4749 obsecrat
903 4694 994 4767 plures

199 4792 259 4834 esse
273 4780 347 4835 locos
357 4821 365 4846 ,
377 4781 424 4851 qni
440 4783 573 4853 nequead
595 4798 654 4837 eam
670 4797 797 4851 causam,
814 4785 947 4856 nequead
969 4785 995 4849 id

200 4873 330 4945 terirporis
341 4873 435 4929 reterri
450 4885 577 4945 possunt,
594 4875 628 4931 ab
643 4877 709 4931 Elim
722 4877 850 4948 opinione
864 4880 996 4946 discedit,

198 4966 246 5023 sed
266 4982 280 5019 a
298 4966 402 5038 judicio
417 4967 554 5034 abstinet,
571 4984 659 5040 nenne
673 4969 730 5041 ipse
753 4969 870 5039 indicat,
884 4987 935 5044 qtta
951 4986 998 5028 oo·

198 5062 324 5128 cesione,
341 5075 429 5130 quove
450 5071 570 5130 tempore
593 5062 662 5116 dicta
686 5061 770 5118 rideri
792 5064 889 5136 possit.
911 5062 993 5120 inte·

198 5152 316 5208 montius
332 5152 420 5222 itaque
436 5150 469 5224 (sl
491 5167 551 5207 eam
571 5152 803 5224 Constantinopoli
825 5154 924 5211 dictam
948 5164 997 5227 pn‘·

200 5253 254 5313 tat,
272 5254 332 5314 post
346 5243 466 5300 Valentis
486 5243 607 5310 obitum,
623 5258 655 5299 ac
672 5244 800 5300 collatum
817 5262 870 5300 nnn
891 5245 935 5301 diu
951 5263 999 5301 an·

201 5344 243 5391 tea
259 5338 412 5395 Theodosio
432 5338 591 5408 imperium,
607 5337 679 5406 quod
702 5336 823 5410 prolecto
846 5355 926 5395 nemo
952 5358 1000 5398 ne·

200 5430 323 5497 garet-ir,
344 5433 388 5502 qui
411 5432 561 5487 orationem
577 5431 663 5503 ipsam
690 5446 774 5505 prope
797 5432 879 5488 linem
897 5441 999 5493 attento

238 5567 277 5642 (n)
297 5572 384 5640 Epist.
400 5578 455 5633 265
468 5616 476 5641 ‚
491 5592 565 5631 nttm.
581 5575 609 5632 ὅ.

239 5643 280 5788 phy
297 5643 374 5768 Riese.
387 5651 466 5718 epist.
482 5648 525 5704 lb.

254 5731 268 5774 c
321 5731 420 5774 carane.
435 5733 475 5777 or.
491 5721 533 5790 52

1048 4595 1307 4652 connrntnicarerat.
1334 4591 1436 4647 licittdc
1462 4589 1588 4644 candidus
1612 4587 1675 4655 ille,
1700 4605 1731 4640 uc
1757 4588 1851 4657 probus

1048 4699 1121 4763 pater
1134 4687 1267 4758 Gregorio
1282 4676 1344 4742 turre
1357 4685 1457 4740 dicenti
1474 4683 1608 4737 assidebat
1623 4696 1686 4745 cnm
1701 4680 1853 4752 obsequente

1049 4785 1101 4839 sibi
1131 4783 1197 4851 pilio.
1225 4781 1272 4836 lllc
1297 4791 1428 4849 practerea
1454 4787 1517 4833 arcte
1541 4775 1700 4847 Gregorium
1725 4774 1758 4830 tle
1785 4788 1852 4848 pace

1051 4879 1135 4936 verba
1148 4876 1260 4932 lecerat.
1274 4876 1351 4932 Alius
1365 4876 1454 4946 itaque
1469 4873 1503 4928 ab
1515 4871 1574 4945 ipsu
1586 4869 1717 4940 Gregorio
1730 4868 1775 4923 illc
1789 4881 1853 4922 esse

1052 4973 1143 5028 debet.
1155 4970 1296 5025 Postremo
1310 4969 1423 5038 probum
1449 4966 1523 5021 illum
1537 4979 1568 5018 ac
1581 4962 1724 5017 candidum
1746 4969 1854 5030 patrem

1051 5073 1078 5120 ct
1097 5065 1291 5133 obsequentem
1312 5059 1396 5114 hlirrm
1418 5058 1470 5112 sibi
1493 5056 1664 5120 assidentes,
1683 5062 1711 5107 et
1734 5060 1854 5126 nrrrtnnnt

1051 5158 1099 5213 ribi
1112 5157 1175 5230 ipris
1183 5162 1360 5209 ornamentum
1371 5149 1505 5233 offerentes
1520 5149 1566 5203 uit.
1583 5148 1609 5200 hl
1621 5160 1724 5201 veruca
1736 5160 1787 5216 qua
1798 5154 1857 5203 crat

1054 5248 1209 5304 hunrilitate
1227 5261 1258 5299 ac
1283 5243 1415 5298 modestia
1432 5240 1579 5312 Gregu'rins
1595 5237 1706 5295 nririime
1720 5235 1754 5290 de
1767 5250 1798 5291 se
1811 5235 1853 5304 dl-

1053 5350 1136 5397 ceret.
1154 5339 1209 5408 Ego
1224 5337 1312 5407 itaque
1327 5335 1379 5391 hoc
1394 5333 1473 5401 loco,
1489 5343 1569 5402 atqrre
1584 5331 1618 5385 iis
1634 5327 1724 5384 uerbis
1745 5327 1779 5382 de
1801 5324 1856 5380 lle-

1054 5434 1119 5490 letiu
1139 5440 1167 5487 et
1187 5430 1333 5498 Flaviano,
1347 5444 1429 5502 quem
1453 5426 1574 5482 ilcletius
1591 5439 1643 5478 trun
1657 5423 1702 5478 iliu
1726 5432 1807 5478 antea
1822 5418 1856 5475 ad

1092 5574 1133 5646 (d)
1154 5573 1276 5662 liencurt.
1293 5573 1325 5630 ii.
1341 5570 1372 5631 P.
1386 5571 1466 5628 hier.
1479 5571 1506 5625 in
1520 5566 1673 5631 Timotheo.

1106 5648 1130 5791 p)
1149 5645 1283 5788 ξὲβῦτῖεῗς.
1297 5713 1363 5781 har.
1377 5723 1431 5773 act.
1445 5713 1481 5780 tt
1493 5721 1521 5772 et
1532 5719 1590 5771 not.
1604 5710 1659 5780 ott,
1676 5716 1744 5780 rom.
1757 5704 1805 5777 itt.
