3900 6134
144 190 214 253 idib
609 185 816 248 stobtsrtotttt
838 185 922 247 ESSE
941 185 1011 245 PRO
1031 183 1085 244 DEl
1106 181 1197 244 ritib
1216 184 1334 245 sicsic
1726 187 1798 252 rost

141 309 180 366 sis
193 304 339 372 mandens,
355 311 457 375 tamen,
473 309 548 363 luant
561 306 664 365 rabiem
689 307 762 379 quud
777 322 792 363 a
805 308 865 365 lieu
878 321 943 380 pro·
955 309 982 373 Α
995 303 1143 361 abstuleris
1157 319 1172 360 a
1187 303 1279 372 nobis,
1297 316 1496 375 praesumamus
1521 304 1608 376 magis
1631 318 1713 376 posse
1732 321 1799 364 cona

141 400 207 456 tecti
227 396 384 470 superaturi
405 399 943 467 sumus,certumtene;necineouos
994 395 1073 466 lerri,
1098 406 1126 454 et
1154 396 1265 469 quidem
1299 407 1412 468 propter
1434 401 1629 470 temporariam
1652 407 1797 469 teteruam,

143 491 287 563 despicere
299 490 431 561 digneris,
447 490 520 562 quud
533 490 628 548 ridens
648 504 764 562 corpora
781 500 874 546 nostrn
888 491 944 549 ira·
993 501 1108 561 propter
1120 488 1246 561 fragilem
1262 498 1290 546 et
1302 490 1434 547 cudttcam
1446 491 1685 565 incorruptibilem
1698 504 1797 567 otper-

142 586 206 658 gitta
223 584 316 657 ;ouod
327 593 370 642 est
391 586 465 643 euim
490 587 672 658 potissimum,
686 587 830 659 sapientire
845 595 859 625 ⁸
874 583 943 643 recti
993 589 1113 653 petuam.
1123 579 1182 637 lion
1192 581 1320 639 sumcere
1329 581 1378 638 tibi
1386 596 1484 640 censes
1491 583 1655 641 conitentes
1667 599 1698 642 se
1713 585 1796 643 Citri-

142 692 175 734 ac
185 678 282 734 muniti
298 678 433 745 salernus,
447 679 581 737 babentes
592 691 705 737 ornatus
719 695 751 737 ac
774 679 943 736 munimenta
993 675 1098 729 stianos
1128 683 1233 730 tantum
1251 674 1349 749 ‘gladio
1361 691 1423 732 esse
1438 677 1610 747 plectendos,
1625 678 1678 735 nisi
1703 680 1809 736 omnia.

143 772 172 828 in
183 771 323 839 cordibus,
336 786 368 829 ac
382 771 510 830 sensibus
524 774 639 830 nostris.
650 772 730 830 llnde
745 785 818 829 nunc
834 786 884 828 uus
897 787 944 829 or·
992 779 1094 837 sonoro
1118 768 1315 838 suppliciorum
1339 783 1434 825 cotom
1460 769 1593 827 indixeris
1620 772 1793 845 corporibus.

142 872 221 920 natos
236 862 379 919 ridemust
389 861 461 919 unde
487 863 609 921 munitos
622 879 656 920 nc
670 874 746 920 tutos
772 878 835 920 esse
858 863 944 920 senti·
993 858 1068 916 liibil
1083 862 1198 918 interest
1205 877 1368 935 quopenere
1379 865 1477 920 mortis
1488 879 1539 920 nos
1553 856 1650 936 puniie
1661 866 1793 939 digneris,

142 957 226 1014 musi
239 955 373 1015 undenus
386 957 527 1029 sapientes
541 958 759 1031 cognoscimus?
773 959 825 1014 nisi
840 959 943 1028 uuiaet
993 952 1058 1010 dum
1081 969 1129 1025 per
1156 956 1215 1010 ιιι
1241 954 1275 1010 ad
1301 957 1383 1011 ritum
1405 956 1598 1026 perfruendam
1618 959 1797 1018 adnitttamm

141 1048 337 1120 blasphemiam
353 1058 426 1106 tuam
439 1050 569 1119 vitemus,
579 1059 608 1108 et
619 1051 744 1107 mortalia
758 1065 874 1123 corpora
890 1067 942 1108 un·
993 1056 1137 1115 emonam,
1152 1047 1217 1104 dum
1227 1064 1278 1121 per
1291 1048 1349 1105 baec
1374 1057 1419 1106 tua
1433 1050 1613 1109 mortificetur
1626 1054 1727 1120 rabies,
1744 1070 1796 1111 nus

140 1150 197 1198 stra
209 1149 256 1196 tuo
270 1142 329 1198 ensi
340 1152 481 1214 gratanter
491 1152 604 1214 propter
617 1143 664 1199 liei
679 1141 776 1199 Filium
792 1143 941 1211 tradamus,
992 1153 1088 1200 contra
1104 1144 1285 1200 rivillcerttur.
1310 1143 1340 1200 st
1365 1145 1437 1200 enim
1463 1145 1592 1202 misorum
1607 1155 1697 1218 putas,
1720 1149 1794 1220 quod

140 1235 262 1291 scientes
276 1236 361 1306 quud,
388 1251 449 1291 eum
474 1245 614 1292 terrenum
638 1246 761 1291 nostrum
774 1235 941 1292 domicilium
993 1237 1084 1292 malim
1099 1237 1197 1308 queris
1217 1237 1323 1294 crudeli
1348 1238 1484 1309 supplicio
1495 1254 1545 1310 pro
1559 1240 1608 1295 liei
1623 1241 1739 1299 interfici
1750 1243 1795 1299 Fi·

141 1325 301 1384 interlicere
316 1327 445 1395 ralueris,
466 1329 593 1397 coeleste,
613 1329 686 1401 quod
701 1329 862 1397 babeamus,
878 1329 942 1399 quta
992 1329 1041 1395 lio,
1056 1337 1087 1385 ut
1113 1329 1237 1386 omittam
1254 1339 1383 1386 aeternam
1411 1331 1554 1388 beatorum
1569 1345 1721 1407 martyrum
1735 1338 1795 1408 glo·

141 1419 299 1478 interlucere
315 1434 369 1478 non
382 1422 484 1493 possis.
509 1421 616 1479 idcireo
639 1421 742 1479 etenim
766 1422 837 1479 bona
850 1422 941 1490 nobis,
992 1421 1072 1487 riam,
1086 1436 1260 1493 quocumque
1271 1438 1371 1496 genere
1382 1437 1444 1480 esse
1455 1424 1626 1482 moriendum
1637 1429 1706 1485 seio.
1718 1430 1794 1488 linbo

141 1517 414 1589 maiaoueproposita
429 1532 490 1574 esse
513 1519 651 1586 novimus,
668 1527 697 1574 ιι
718 1517 759 1574 tis
773 1517 863 1572 omnis
876 1530 943 1588 pru·
991 1511 1109 1584 denique
1121 1514 1168 1570 tibi
1178 1515 1291 1582 multus,
1301 1516 1347 1586 qui
1357 1515 1383 1570 in
1397 1515 1505 1572 lectulis
1517 1516 1657 1576 crudelius
1668 1531 1792 1591 percant,

143 1610 243 1666 dentitc
259 1620 362 1666 nostroe
373 1611 401 1665 in
421 1610 613 1668 discernendis
627 1612 707 1667 bonis
731 1611 866 1683 malisque
878 1626 941 1668 rer·
990 1622 1060 1679 quos
1076 1608 1193 1665 interior
1221 1608 1312 1680 aliqua
1340 1609 1501 1682 suppuratio
1517 1611 1632 1683 inflavit,
1654 1625 1681 1670 et
1697 1632 1795 1672 nerto·

141 1710 259 1759 sateittr.
273 1702 343 1771 Quid
351 1703 465 1760 stultius
488 1704 541 1759 nisi
555 1714 640 1761 temet
653 1719 717 1761 rere
731 1705 815 1761 Deum
828 1705 942 1776 negare?
956 1693 1054 1757 Bruto
1070 1716 1164 1759 secum
1180 1704 1339 1760 luctantium
1354 1705 1449 1760 dolore
1463 1709 1609 1762 couitsxii.
1622 1707 1741 1766 luleresi
1760 1726 1794 1768 ex

141 1795 205 1868 quid
232 1797 395 1868 sapientius,
411 1813 492 1869 quom
520 1797 671 1855 nelrtudum
686 1809 760 1856 tunm
776 1800 882 1856 calcare
892 1815 940 1856 ca·
993 1810 1046 1867 qus
1056 1810 1151 1863 coust,
1166 1811 1222 1851 nott
1237 1811 1271 1852 ex
1283 1812 1338 1867 nuo
1353 1797 1488 1867 pendeam
1511 1801 1614 1870 stipite.
1627 1801 1697 1871 Quid
1712 1803 1792 1873 dicis,

142 1898 192 1963 put
210 1901 238 1947 et
260 1890 317 1946 lieo
342 1901 454 1963 propter
469 1891 521 1949 ltoe
544 1893 652 1964 placere
677 1892 778 1949 tactum
793 1892 887 1949 illinc
900 1902 943 1950 est
993 1904 1041 1945 rex
1055 1888 1344 1962 stultissimeiinique
1368 1893 1394 1946 in
1415 1891 1468 1948 ista
1483 1895 1630 1965 supplicia,
1651 1896 1679 1954 in
1699 1899 1794 1971 liujus-

142 1983 215 2054 quod
232 1982 365 2054 perspicis
375 1983 503 2038 omnibns
518 1984 620 2039 uostris
632 1984 736 2040 viribus
748 1999 797 2040 nos
808 1993 881 2040 stare
894 2000 942 2054 ιιι-
993 1981 1066 2038 modi
1078 1997 1186 2054 pteuam
1201 1982 1297 2039 mittor
1310 1998 1325 2038 a
1338 1992 1376 2051 te,
1390 2000 1425 2041 an
1440 1985 1537 2056 iuste?
1551 1989 1574 2043 si
1586 1989 1690 2060 inique,
1703 2000 1747 2048 tua
1764 1995 1794 2050 il-

143 2083 219 2129 ratos
231 2073 259 2129 in
271 2088 359 2145 agone
375 2073 501 2145 justitie,
515 2074 569 2131 bde
586 2074 704 2147 integra,
719 2076 819 2132 virtute
832 2077 939 2143 devota,
992 2077 1083 2148 gentis
1096 2077 1148 2135 erit
1169 2094 1249 2147 crux,
1274 2095 1327 2135 nou
1343 2095 1403 2138 mea
1427 2096 1508 2151 quem
1528 2081 1623 2138 dreris
1640 2085 1685 2141 :si
1708 2085 1794 2158 juste,

142 2175 236 2223 mente
251 2166 408 2239 incorrupta
430 2167 465 2223 ad
491 2169 580 2224 aciem
600 2180 686 2237 stare,
701 2184 761 2239 quse
786 2185 835 2240 per
860 2169 942 2226 teiu·
993 2168 1075 2240 eulpa
1090 2184 1149 2226 mea
1165 2171 1344 2241 mecriminis
1360 2173 1425 2239 mei,
1449 2189 1502 2228 nort
1517 2188 1595 2244 poenn
1609 2183 1654 2230 tua
1667 2183 1794 2248 torquere

142 2256 215 2314 dicta
226 2268 280 2326 est,
295 2258 405 2316 divinib
420 2260 522 2317 milites
539 2261 691 2318 interritos.
720 2261 840 2319 fortiter
860 2263 942 2319 etiam
993 2259 1115 2333 incipiet.
1127 2260 1264 2319 Ceterum
1278 2274 1410 2334 quantum
1424 2264 1458 2320 ad
1470 2265 1572 2321 exitum
1588 2266 1653 2322 niltil
1668 2268 1794 2338 interest,

143 2363 296 2427 portatura
321 2357 401 2413 nobis
427 2366 532 2412 sentum
560 2355 636 2423 lidei,
654 2356 726 2413 unde
741 2366 770 2414 et
783 2368 942 2431 protegente
992 2353 1070 2410 elatu
1084 2370 1134 2427 per
1155 2363 1229 2412 teau
1247 2357 1342 2414 lancea
1367 2357 1479 2423 morior,
1492 2359 1627 2415 restrictis
1641 2371 1703 2432 post
1718 2372 1793 2437 terga

147 2448 205 2506 Deo
215 2449 345 2522 quidquid
361 2449 486 2507 manibus
505 2450 558 2506 tuis
576 2449 701 2506 diabolus
724 2450 871 2518 iaculatur,
895 2467 943 2507 ert·
993 2446 1120 2502 manibus
1143 2462 1177 2502 an
1192 2448 1328 2518 porrectis
1357 2449 1534 2520 sparsisquet
1550 2459 1640 2507 ulium
1663 2468 1792 2526 pronum,

143 2543 303 2614 stinguitur,
317 2545 380 2614 quia
397 2543 504 2600 calciati
528 2544 699 2600 suntnnstri
713 2544 870 2615 evangelieo
885 2558 944 2600 ma·
993 2539 1149 2614 incurvum,
1161 2558 1195 2597 an
1219 2551 1323 2600 rectum
1334 2552 1363 2601 et
1376 2543 1492 2613 editum,
1507 2545 1575 2602 nibil
1595 2547 1681 2605 reiert
1703 2559 1794 2608 utrum

143 2634 281 2708 gisterio,
301 2646 329 2695 et
352 2637 453 2693 armati
473 2637 557 2708 pedes
570 2637 734 2694 calcaribus.
757 2637 797 2692 Tu
818 2636 883 2694 licet
904 2638 943 2696 sis
993 2637 1181 2706 quiescentem
1191 2650 1234 2692 me
1247 2637 1274 2692 iu
1289 2637 1567 2704 lectulooecidas,an
1580 2641 1716 2697 cervicem
1727 2643 1795 2701 mibi

143 2737 287 2800 augustus,
303 2736 331 2784 et
346 2738 358 2768 ι
370 2729 398 2784 ιι
411 2737 439 2785 te
452 2728 587 2784 obteritur
607 2728 717 2800 rugiens
728 2729 754 2782 in
766 2737 887 2784 nostram
902 2729 943 2784 in·
992 2730 1075 2784 stanti
1090 2727 1196 2785 incidas
1209 2727 1312 2800 gladio,
1325 2743 1360 2784 au
1374 2729 1463 2786 securi
1477 2740 1559 2802 eaput
1573 2731 1693 2801 attieras,
1713 2750 1747 2790 an
1759 2735 1793 2790 ad

143 2821 264 2877 sontium
278 2835 372 2878 necem
394 2835 529 2893 serpens;
544 2820 680 2892 siquidem
700 2820 827 2878 mordere
840 2829 867 2876 st
879 2836 943 2892 sup-
993 2822 1083 2892 palum
1099 2836 1193 2888 me,an
1206 2820 1240 2875 ad
1252 2835 1363 2877 crucem
1376 2821 1486 2894 alliges,
1499 2823 1561 2894 igne
1575 2833 1693 2897 torreas,
1706 2842 1740 2883 atr
1757 2830 1797 2883 ri·

144 2914 269 2986 plantare
287 2930 337 2987 per
359 2926 386 2970 te
403 2913 560 2972 camilicem
585 2929 666 2972 suunt
691 2930 746 2971 nou
773 2916 940 2988 prevaleat:
994 2928 1059 2968 rum
1082 2911 1167 2968 humo
1190 2911 1304 2980 condas,
1334 2914 1579 2986 saxopraecipit'es,
1596 2933 1631 2974 art
1654 2919 1681 2974 in
1709 2920 1795 2976 marin

145 3009 233 3081 premi
249 3009 352 3066 etenim
376 3023 427 3066 nos
441 3023 492 3081 per
503 3008 599 3065 tetult
620 3008 703 3077 licus,
715 3022 770 3065 nou
794 3008 887 3081 utique
906 3008 943 3064 ad
994 3018 1124 3075 mergas,
1150 3003 1356 3075 labandapinee
1371 2994 1476 3077 magnis
1488 3007 1592 3064 viribus
1612 3021 1731 3068 conatus
1742 3029 1798 3068 unu

144 3101 208 3169 hoc,
233 3112 262 3158 ut
287 3103 368 3160 fldem
395 3104 503 3175 iterque
532 3102 692 3160 deseramus
714 3082 1340 3175 patriarchatum,Clislilsim⁰i⁰iiii⁰¹liei
1356 3113 1399 3154 ilie
1413 3114 1504 3154 meum
1520 3105 1796 3172 capulexclllids,dit

144 3198 333 3270 apostolorum
353 3214 385 3255 ue
398 3208 561 3271 martyrum,
578 3197 627 3254 sed
642 3196 770 3253 utcoaeti
795 3211 810 3251 a
836 3207 862 3254 te
882 3199 944 3254 uni·
995 3191 1070 3247 omni
1080 3190 1233 3247 subtilitate
1246 3190 1374 3246 subtilior
1386 3193 1483 3262 sagitta
1500 3190 1654 3249 diutissime
1669 3193 1757 3265 figens
1769 3197 1796 3252 ιι

86 3276 89 3285 ¹
144 3305 206 3347 eum
223 3306 325 3363 negare
340 3290 441 3347 Filium
467 3291 515 3347 liei
531 3301 648 3347 mortem
673 3291 755 3348 etiam
779 3289 874 3347 subire
889 3305 944 3347 non
995 3297 1188 3355 meocurpore
1209 3283 1429 3351 ludas;eentum
1442 3273 1605 3341 millialiect
1627 3285 1797 3358 iormaspoe·

143 3396 316 3439 recusemus.
328 3383 388 3439 Non
399 3396 496 3439 sumus
506 3393 536 3437 ut
551 3392 579 3439 tu
594 3383 665 3440 adeo
678 3382 755 3439 stulti
768 3398 800 3438 ae
810 3384 943 3454 peruersi,
996 3396 1092 3438 narum
1104 3379 1254 3436 crudelitas
1267 3387 1313 3433 tua
1334 3377 1424 3443 iaciat,
1436 3392 1470 3433 ex
1495 3377 1539 3434 his
1562 3379 1689 3436 omnibus
1703 3381 1737 3438 ad
1753 3398 1797 3438 me

144 3484 173 3530 ut
188 3474 315 3531 malimus
328 3476 459 3534 salutaria
475 3486 617 3542 excutere,
631 3475 755 3531 mortalis
771 3489 836 3531 tero
859 3476 946 3531 susci·
993 3474 1050 3529 sols
1065 3488 1114 3544 per
1126 3473 1205 3528 istam
1219 3480 1334 3527 mortem
1351 3469 1480 3526 illatama
1496 3479 1522 3526 te
1531 3472 1673 3542 perveniet
1683 3474 1797 3530 immor·

145 3582 211 3639 pere
224 3584 231 3633 ;
245 3582 299 3623 non
315 3582 411 3624 sumus
422 3566 580 3638 presidium
603 3566 725 3624 coelestis
747 3566 890 3623 medicine
901 3566 944 3620 iu·
995 3565 1096 3621 salitas.
1108 3563 1169 3620 Non
1193 3577 1305 3635 possum
1321 3560 1373 3617 nisi
1387 3559 1506 3632 gaudere
1519 3576 1580 3617 eum
1597 3563 1660 3618 talia
1673 3563 1797 3635 ingesse-

145 3660 260 3731 gientes.
277 3660 474 3732 prospicimus,
488 3656 587 3730 iquod
608 3660 682 3715 enim
698 3657 847 3715 licetierro
859 3658 946 3715 medi·
995 3657 1045 3725 ris,
1072 3655 1294 3730 quandoquidem
1316 3669 1365 3726 per
1391 3653 1451 3711 bec
1466 3654 1599 3725 supplicia
1618 3655 1709 3713 sciens
1732 3656 1795 3725 sim,

144 3766 194 3809 cus
208 3764 292 3823 secet,
301 3756 425 3811 canterio
441 3763 513 3820 urat,
527 3753 632 3823 sinapis
646 3753 772 3809 incendio
785 3753 819 3808 ad
835 3769 944 3810 omnem
995 3751 1067 3823 quod
1079 3750 1167 3823 possit
1180 3764 1261 3806 omne
1274 3747 1346 3803 butiri
1358 3747 1532 3818 suppliciunt.
1550 3746 1616 3802 tiam
1628 3748 1720 3817 stilla,
1736 3766 1798 3822 quse

145 3845 269 3920 dolorem
285 3862 389 3918 regrum
412 3845 540 3911 deducat,
568 3854 657 3901 tamen
673 3859 725 3902 nec
744 3846 843 3911 secari,
861 3846 944 3914 inuri,
996 3844 1167 3901 extrinsecus
1179 3851 1253 3909 sunt,
1276 3848 1306 3897 et
1326 3838 1453 3896 occidere
1468 3852 1550 3908 posse
1563 3853 1612 3908 per
1629 3847 1703 3895 luant
1722 3838 1798 3897 ‘stc-

145 3939 237 4005 ctedi,
252 3939 429 4011 morderique
444 3952 505 3994 esse
520 3937 662 3994 inimicum
683 3937 889 4011 :qulppcquod
905 3939 946 3994 id·
994 3936 1090 3993 ritiam
1104 3933 1233 4000 arbitror,
1250 3931 1319 3989 nibil
1331 3930 1425 4001 iudico
1439 3929 1473 3985 ad
1494 3944 1538 3984 me
1560 3933 1700 4001 pertinere
1716 3948 1723 3998 ς
1745 3933 1797 3989 ali·

144 4032 220 4089 circu
241 4033 343 4087 bonum
367 4033 413 4100 sit,
440 4032 504 4103 quia
518 4031 629 4087 dolores
642 4031 754 4088 inutiles
773 4031 878 4088 auferat
896 4047 946 4103 per
996 4041 1074 4089 tesne
1096 4045 1130 4086 an
1151 4042 1335 4087 canesmeuut
1347 4039 1448 4096 corpus
1460 4024 1575 4089 lanient,
1592 4025 1715 4084 hareant
1735 4045 1796 4087 cor·

145 4125 283 4182 adbibitus
298 4125 396 4181 salutis
409 4139 492 4183 causa
508 4123 697 4182 doloreslluit
721 4140 771 4182 nos
786 4125 859 4182 oeus
873 4141 946 4182 mur·
995 4127 1055 4199 pori
1069 4141 1148 4192 meo;
1163 4124 1229 4180 lerze
1253 4121 1402 4177 inminibus
1425 4120 1480 4176 illis
1493 4119 1651 4177 crudelibus
1666 4131 1691 4179 te
1703 4138 1798 4198 etspe-

144 4226 199 4275 tem
221 4230 310 4275 morte
323 4217 487 4288 dissolvere,
501 4218 647 4275 tormentis
662 4220 835 4288 temporariis
843 4229 944 4274 reterns
995 4229 1087 4276 etante
1097 4228 1110 4267 t
1122 4217 1257 4283 insiliant;
1270 4216 1365 4289 iacens
1377 4212 1451 4269 buml
1464 4213 1611 4284 unguibus,
1624 4215 1751 4274 dentibus
1761 4220 1795 4274 ad

145 4313 331 4369 cruciamenta
358 4313 508 4380 discutere,
534 4312 669 4385 supplicia
697 4310 788 4367 lutura
814 4320 946 4383 perpetua
996 4326 1058 4369 ossa
1074 4325 1161 4381 usque
1174 4307 1293 4380 redigar,
1307 4322 1369 4363 eum
1383 4315 1444 4377 post
1455 4305 1513 4360 ltaec
1526 4307 1617 4361 omnia
1629 4306 1688 4362 lieo
1702 4310 1796 4367 salrns

146 4405 201 4462 tuis
211 4406 353 4476 suppliciis
363 4420 497 4462 evacuare
508 4420 515 4471 ;
528 4404 704 4472 itiridclicet,
717 4403 774 4477 qui,
788 4419 849 4460 eum
862 4404 945 4461 sitam
996 4403 1060 4460 sim.
1079 4399 1148 4458 Cum
1174 4399 1247 4456 enim
1267 4413 1366 4470 corpus
1379 4411 1470 4454 meum
1496 4396 1595 4452 talibus
1617 4399 1685 4454 tretis
1700 4397 1795 4458 lerina}

182 4584 291 4641 ⁸Forte
303 4586 441 4654 snpientia.
959 4587 986 4649 1)
998 4592 1064 4634 reru
1079 4575 1223 4648 legendum
1235 4591 1270 4628 nn
1283 4590 1299 4627 ι
1311 4572 1460 4644 pendipine,
1476 4573 1502 4628 id
1517 4583 1576 4640 est,
1590 4592 1606 4629 n
1619 4577 1720 4650 reliquo
1739 4599 1795 4639 car.

181 4655 539 4727 bVelrtlitptiddeest,tel
556 4655 699 4724 legendum
721 4651 892 4708 Deitttlb'tcs.
951 4711 956 4720 ,
997 4645 1426 4729 pore;estcnimpertdignidetu
1444 4645 1514 4729 qood
1532 4655 1793 4725 nsippacntupago:

183 4737 195 4766 θ
211 4725 308 4782 Tnnteu
323 4730 349 4781 in
362 4739 385 4780 te
397 4728 531 4783 obteritur.
545 4726 671 4784 Gsllaud.
686 4725 732 4797 qui
743 4723 889 4781 editionem
900 4721 946 4777 Ti·
996 4723 1034 4776 ita
1052 4730 1080 4774 nt
1094 4720 1214 4792 ιίιιιιιιιι
1238 4716 1280 4771 ltro
1300 4733 1367 4771 stttttt
1388 4726 1469 4788 poerit
1497 4716 1526 4770 sti
1548 4718 1674 4787 ooctrbttlt',
1688 4725 1728 4777 trel
1745 4744 1793 4794 pro

146 4797 245 4853 lianum
259 4799 294 4853 ita
314 4799 439 4882 etbrbet.
456 4809 480 4880 ot
494 4799 519 4853 in
546 4799 681 4866 obteritur,
696 4811 757 4851 cum
773 4805 848 4853 recte
870 4796 896 4850 in
912 4809 944 4851 ca
997 4793 1269 4862 mucltinulipnro,rett
1281 4787 1485 4915 tepulutmttod
1502 4797 1594 4889 rmppa
1609 4793 1687 4846 etium
1707 4792 1793 4879 Groem'

145 4869 832 5005 “illidittitii:ttnatsannm
845 4937 870 4990 n
886 4944 944 4991 tn.
995 4862 1643 5006 isitiil,tiiscissibilis:'a:d
1656 4882 1793 4994 iiiiii

146 5012 267 5079 subjecta
284 5012 333 5066 lib.
347 5028 366 5068 tt
381 5011 497 5068 Con-tit.
511 5012 607 5081 Apost.
620 5009 734 5080 eupli,
750 5010 870 5064 imitatur
878 5008 946 5063 Ter·
998 5007 1054 5076 Epo
1077 5005 1186 5076 qrridem
1205 5003 1386 5076 inbnndnpint'a
1403 5016 1497 5058 rocem
1518 5003 1687 5060 retinendam
1714 5022 1788 5076 prun,

148 5084 289 5138 tullianum
301 5083 328 5137 in
340 5085 558 5152 Scorpiacocap.
568 5082 596 5144 5,
607 5081 686 5152 cujus
697 5081 756 5137 brec
768 5082 852 5136 verba
867 5086 940 5133 sunt:
996 5092 1056 5148 quse
1068 5074 1200 5129 macutum
1211 5082 1353 5129 uomenstt
1367 5073 1450 5141 cupiti
1465 5072 1791 5135 violenterabscmmmm

149 5152 194 5208 Est
205 5157 281 5226 pinne
293 5155 368 5226 quasi
383 5156 480 5209 soeor'titt
501 5155 643 5215 uredicintc,
661 5152 693 5206 de
705 5151 840 5220 scalpello,
860 5149 943 5221 deque
996 5147 1156 5218 aptissimos,
1171 5149 1303 5215 cttjttsqtte
1318 5158 1382 5227 usus
1405 5145 1483 5198 stultis
1508 5144 1632 5225 ignotus:
1647 5163 1697 5202 tice
1723 5164 1790 5207 con.

147 5227 417 5289 cctttcrt'o,tiesinurtis
429 5225 547 5280 incendio
559 5222 816 5286 :nontamensetnri
829 5232 853 5276 et
860 5222 941 5286 ittttrt',
998 5219 1141 5275 temnenda
1165 5219 1280 5273 fortasse
1292 5227 1461 5283 conjecturs,
1477 5230 1528 5278 ιιι
1550 5229 1609 5283 «puts
1625 5220 1790 5288 suspicetur,

146 5306 170 5351 et
184 5298 284 5351 ostendi
294 5297 343 5366 (nl.
354 5295 438 5363 coedi,
460 5293 632 5367 morderique)
646 5294 744 5349 idcirco
770 5294 868 5349 nrnium
881 5294 944 5365 puio
997 5305 1097 5348 nomen
1113 5290 1189 5346 ltoca
1205 5290 1265 5345 loco
1277 5303 1339 5345 esse
1353 5288 1536 5356 de-trrnptum.
1550 5286 1593 5338 uin
1606 5290 1721 5354 primunt
1736 5297 1793 5351 ιιι

146 5367 248 5424 dolores
261 5370 339 5422 utiles
358 5365 445 5433 alferi.
534 5387 539 5396 ⁴
997 5360 1119 5417 mactum
1132 5363 1240 5416 inventa
1257 5357 1350 5419 lu.·tit,
1364 5373 1462 5427 nempe
1485 5356 1637 5421 ditabundoe,
1653 5377 1713 5424 ιιι
1727 5367 1792 5420 urbs

184 5449 195 5476 ⁸
214 5440 300 5493 llictin
318 5441 442 5503 barbara,
459 5454 508 5506 pro
523 5437 610 5494 iorrna
626 5436 743 5508 quadam
759 5435 943 5501 instrumenti,
995 5442 1038 5488 est
1050 5435 1148 5494 timia,
1175 5432 1246 5487 tmde
1270 5428 1420 5512 Ainbnndi,
1437 5436 1465 5482 et
1481 5426 1675 5511 diubnndemm
1700 5435 1793 5505 populi

145 5510 219 5581 quod
234 5512 258 5562 vi
272 5508 435 5564 ducebatur.
458 5507 536 5565 Unde.
551 5510 633 5563 utiam
656 5507 727 5575 apud
744 5523 792 5561 nus
808 5506 945 5575 illudque
996 5503 1066 5575 apud
1082 5503 1245 5562 Strabonem
1260 5512 1285 5555 et
1300 5500 1431 5562 Plttttttm,
1446 5513 1492 5565 ιιι
1508 5498 1650 5556 cartnabtm
1672 5504 1792 5564 Alaban.

145 5580 251 5637 bulistm
267 5578 549 5644 tenduntur,r0rntur
562 5576 746 5650 bendnpe.Til.
763 5583 791 5634 et
804 5577 826 5630 ln
844 5576 943 5630 cerda.
995 5575 1108 5632 dcttsem
1125 5575 1215 5630 laudat
1230 5572 1276 5627 lib.
1294 5587 1340 5626 sut
1357 5569 1425 5625 llis-t.
1438 5567 1499 5624 Not.
1514 5583 1540 5624 c.
1552 5572 1579 5625 9.

145 5651 245 5710 Cnrrtra
261 5653 343 5705 sentit
365 5648 484 5721 Congius
506 5652 534 5706 itt
548 5650 641 5708 Gloss.
658 5649 704 5721 qui
726 5650 806 5704 aliam
831 5646 944 5704 Gallicis
1033 5645 1186 5704 iCunriil.
1202 5654 1230 5699 et
1241 5644 1329 5697 Latin.
1343 5641 1413 5697 riute
1431 5650 1590 5711 perpe‘ttont.

145 5725 222 5781 sucis
234 5723 350 5795 bendnpe
364 5723 590 5792 significationem
606 5736 667 5778 esse
693 5719 834 5778 ctrutcudit
846 5739 853 5777 ι
867 5725 945 5793 putat
1031 5718 1205 5793 ‘spectante
1222 5716 1310 5773 Latin.

364 5821 504 5886 Passus.
534 5816 622 5882 xlll.
1510 5807 1550 5872 33
