<?xml version="1.0" encoding="UTF-8"?>
<!DOCTYPE html PUBLIC "-//W3C//DTD XHTML 1.0 Transitional//EN"
    "http://www.w3.org/TR/xhtml1/DTD/xhtml1-transitional.dtd">
<html xmlns="http://www.w3.org/1999/xhtml" xml:lang="en" lang="en">
 <head>
  <title>
</title>
<meta http-equiv="Content-Type" content="text/html;charset=utf-8" />
  <meta name='ocr-system' content='tesseract 3.04.00' />
  <meta name='ocr-capabilities' content='ocr_page ocr_carea ocr_par ocr_line ocrx_word'/>
</head>
<body>
  <div class='ocr_page' id='page_1' title='image "./patrologiaecurs39unkngoog/patrologiaecurs39unkngoog_0439.png"; bbox 0 0 3900 6134; ppageno 0'>
   <div class='ocr_carea' id='block_1_1' title="bbox 169 165 1824 282">
    <p class='ocr_par' dir='ltr' id='par_1_1' title="bbox 169 165 1824 282">
     <span class='ocr_line' id='line_1_1' title="bbox 169 165 1824 282; baseline -0.004 -1"><span class='ocrx_word' id='word_1_1' title='bbox 169 216 224 281; x_wconf 75' lang='lat'><strong><em>865</em></strong></span> <span class='ocrx_word' id='word_1_2' title='bbox 605 165 609 174; x_wconf 88' lang='lat'><strong>·</strong></span> <span class='ocrx_word' id='word_1_3' title='bbox 705 217 868 278; x_wconf 80' lang='lat' dir='ltr'><strong><em>tuctsuut</em></strong></span> <span class='ocrx_word' id='word_1_4' title='bbox 886 215 1040 277; x_wconf 77' lang='lat' dir='ltr'><strong><em>nutscost</em></strong></span> <span class='ocrx_word' id='word_1_5' title='bbox 1060 217 1271 278; x_wconf 75' lang='lat' dir='ltr'><strong><em>essentium</em></strong></span> <span class='ocrx_word' id='word_1_6' title='bbox 1752 213 1824 282; x_wconf 82' lang='lat' dir='ltr'><strong><em>issi</em></strong></span> 
     </span>
    </p>
   </div>
   <div class='ocr_carea' id='block_1_2' title="bbox 99 333 1845 3951">
    <p class='ocr_par' dir='ltr' id='par_1_2' title="bbox 99 333 1845 3951">
     <span class='ocr_line' id='line_1_2' title="bbox 170 333 1824 410; baseline -0.001 -18"><span class='ocrx_word' id='word_1_7' title='bbox 170 335 272 410; x_wconf 88' lang='lat' dir='ltr'><strong><em>potetis</em></strong></span> <span class='ocrx_word' id='word_1_8' title='bbox 282 334 375 393; x_wconf 88' lang='lat' dir='ltr'><strong><em>dicere</em></strong></span> <span class='ocrx_word' id='word_1_9' title='bbox 389 351 396 390; x_wconf 91' lang='lat'><strong>:</strong></span> <span class='ocrx_word' id='word_1_10' title='bbox 410 334 471 390; x_wconf 85' lang='lat' dir='ltr'><strong><em>No&#39;n</em></strong></span> <span class='ocrx_word' id='word_1_11' title='bbox 490 350 548 389; x_wconf 87' lang='lat' dir='ltr'><strong><em>sum</em></strong></span> <span class='ocrx_word' id='word_1_12' title='bbox 563 333 630 389; x_wconf 90' lang='lat' dir='ltr'><strong><em>iuter</em></strong></span> <span class='ocrx_word' id='word_1_13' title='bbox 644 333 702 390; x_wconf 86' lang='lat' dir='ltr'><strong><em>illos</em></strong></span> <span class='ocrx_word' id='word_1_14' title='bbox 711 334 776 405; x_wconf 83' lang='lat' dir='ltr'><strong><em>puis</em></strong></span> <span class='ocrx_word' id='word_1_15' title='bbox 787 333 907 389; x_wconf 71' lang='lat' dir='ltr'><strong><em>describit</em></strong></span> <span class='ocrx_word' id='word_1_16' title='bbox 926 343 971 405; x_wconf 88' lang='lat' dir='ltr'><strong><em>per</em></strong></span> <span class='ocrx_word' id='word_1_17' title='bbox 983 341 1011 403; x_wconf 72' lang='grc' dir='ltr'><strong>Α</strong></span> <span class='ocrx_word' id='word_1_18' title='bbox 1022 334 1125 404; x_wconf 74' lang='lat' dir='ltr'><strong><em>mondo</em></strong></span> <span class='ocrx_word' id='word_1_19' title='bbox 1137 350 1190 390; x_wconf 85' lang='lat' dir='ltr'><strong><em>non</em></strong></span> <span class='ocrx_word' id='word_1_20' title='bbox 1202 335 1303 406; x_wconf 73' lang='lat' dir='ltr'><strong><em>fuerit:</em></strong></span> <span class='ocrx_word' id='word_1_21' title='bbox 1320 343 1415 391; x_wconf 90' lang='lat' dir='ltr'><strong><em>contra</em></strong></span> <span class='ocrx_word' id='word_1_22' title='bbox 1435 343 1529 392; x_wconf 90' lang='lat' dir='ltr'><strong><em>noster</em></strong></span> <span class='ocrx_word' id='word_1_23' title='bbox 1545 333 1672 393; x_wconf 77' lang='lat' dir='ltr'><strong><em>Salvator</em></strong></span> <span class='ocrx_word' id='word_1_24' title='bbox 1688 334 1824 392; x_wconf 80' lang='lat' dir='ltr'><strong><em>hominus</em></strong></span> 
     </span>
     <span class='ocr_line' id='line_1_3' title="bbox 172 426 1828 502; baseline -0.001 -16"><span class='ocrx_word' id='word_1_25' title='bbox 172 428 339 486; x_wconf 77' lang='lat' dir='ltr'><strong><em>Salomonem</em></strong></span> <span class='ocrx_word' id='word_1_26' title='bbox 351 428 467 502; x_wconf 79' lang='lat' dir='ltr'><strong><em>Spiritus</em></strong></span> <span class='ocrx_word' id='word_1_27' title='bbox 479 426 928 498; x_wconf 68' lang='lat' dir='ltr'><strong><em>cunctumquandoaudiusdicere:</em></strong></span> <span class='ocrx_word' id='word_1_28' title='bbox 937 429 978 486; x_wconf 80' lang='lat' dir='ltr'><strong><em>du</em></strong></span> <span class='ocrx_word' id='word_1_29' title='bbox 1027 442 1060 484; x_wconf 78' lang='lat' dir='ltr'><strong><em>ac</em></strong></span> <span class='ocrx_word' id='word_1_30' title='bbox 1071 428 1142 485; x_wconf 85' lang='lat' dir='ltr'><strong><em>heus</em></strong></span> <span class='ocrx_word' id='word_1_31' title='bbox 1156 428 1203 484; x_wconf 85' lang='lat' dir='ltr'><strong><em>iiei</em></strong></span> <span class='ocrx_word' id='word_1_32' title='bbox 1215 429 1313 484; x_wconf 91' lang='lat' dir='ltr'><strong><em>unicus</em></strong></span> <span class='ocrx_word' id='word_1_33' title='bbox 1327 427 1428 497; x_wconf 82' lang='lat' dir='ltr'><strong><em>Filius,</em></strong></span> <span class='ocrx_word' id='word_1_34' title='bbox 1443 443 1496 484; x_wconf 91' lang='lat' dir='ltr'><strong><em>uon</em></strong></span> <span class='ocrx_word' id='word_1_35' title='bbox 1511 436 1563 496; x_wconf 89' lang='lat' dir='ltr'><strong><em>est,</em></strong></span> <span class='ocrx_word' id='word_1_36' title='bbox 1581 439 1610 486; x_wconf 94' lang='lat' dir='ltr'><strong><em>ut</em></strong></span> <span class='ocrx_word' id='word_1_37' title='bbox 1626 439 1654 485; x_wconf 93' lang='lat' dir='ltr'><strong><em>tu</em></strong></span> <span class='ocrx_word' id='word_1_38' title='bbox 1668 429 1722 496; x_wconf 83' lang='lat' dir='ltr'><strong><em>vis,</em></strong></span> <span class='ocrx_word' id='word_1_39' title='bbox 1736 427 1828 486; x_wconf 83' lang='lat' dir='ltr'><strong><em>Coos·</em></strong></span> 
     </span>
     <span class='ocr_line' id='line_1_4' title="bbox 140 520 1829 594; baseline 0.002 -17"><span class='ocrx_word' id='word_1_40' title='bbox 140 587 144 592; x_wconf 45' lang='grc'>,</span> <span class='ocrx_word' id='word_1_41' title='bbox 173 536 219 578; x_wconf 83' lang='lat' dir='ltr'><strong><em>nos</em></strong></span> <span class='ocrx_word' id='word_1_42' title='bbox 229 521 395 594; x_wconf 82' lang='lat' dir='ltr'><strong><em>erpo,otnoli</em></strong></span> <span class='ocrx_word' id='word_1_43' title='bbox 403 522 516 592; x_wconf 80' lang='lat' dir='ltr'><strong><em>tyranni,</em></strong></span> <span class='ocrx_word' id='word_1_44' title='bbox 525 530 585 576; x_wconf 84' lang='lat' dir='ltr'><strong><em>runt</em></strong></span> <span class='ocrx_word' id='word_1_45' title='bbox 596 537 725 576; x_wconf 86' lang='lat' dir='ltr'><strong><em>sermones</em></strong></span> <span class='ocrx_word' id='word_1_46' title='bbox 734 520 870 593; x_wconf 77' lang='lat' dir='ltr'><strong><em>mcilscp.</em></strong></span> <span class='ocrx_word' id='word_1_47' title='bbox 878 521 976 594; x_wconf 72' lang='lat' dir='ltr'><strong><em>ooth).</em></strong></span> <span class='ocrx_word' id='word_1_48' title='bbox 1028 523 1107 591; x_wconf 80' lang='grc' dir='ltr'><strong>ιειιιὶ,</strong></span> <span class='ocrx_word' id='word_1_49' title='bbox 1120 531 1246 580; x_wconf 83' lang='lat' dir='ltr'><strong><em>ereatura</em></strong></span> <span class='ocrx_word' id='word_1_50' title='bbox 1259 567 1267 589; x_wconf 90' lang='lat'><strong><em>,</em></strong></span> <span class='ocrx_word' id='word_1_51' title='bbox 1279 525 1327 582; x_wconf 81' lang='lat' dir='ltr'><strong><em>scil</em></strong></span> <span class='ocrx_word' id='word_1_52' title='bbox 1341 535 1383 582; x_wconf 91' lang='lat' dir='ltr'><strong><em>est</em></strong></span> <span class='ocrx_word' id='word_1_53' title='bbox 1405 525 1536 582; x_wconf 79' lang='lat' dir='ltr'><strong>Dominus</strong></span> <span class='ocrx_word' id='word_1_54' title='bbox 1557 535 1705 593; x_wconf 61' lang='lat' dir='ltr'><strong><em>creaturum</em></strong></span> <span class='ocrx_word' id='word_1_55' title='bbox 1726 534 1775 581; x_wconf 87' lang='lat' dir='ltr'><strong><em>est</em></strong></span> <span class='ocrx_word' id='word_1_56' title='bbox 1787 539 1829 580; x_wconf 73' lang='grc' dir='ltr'><strong>ε·</strong></span> 
     </span>
     <span class='ocr_line' id='line_1_5' title="bbox 171 613 1830 688; baseline -0.001 -16"><span class='ocrx_word' id='word_1_57' title='bbox 171 614 231 672; x_wconf 82' lang='lat' dir='ltr'><strong><em>Non</em></strong></span> <span class='ocrx_word' id='word_1_58' title='bbox 246 614 349 686; x_wconf 83' lang='lat' dir='ltr'><strong><em>poteris</em></strong></span> <span class='ocrx_word' id='word_1_59' title='bbox 364 613 456 686; x_wconf 82' lang='lat' dir='ltr'><strong><em>itaque</em></strong></span> <span class='ocrx_word' id='word_1_60' title='bbox 476 630 577 687; x_wconf 76' lang='lat' dir='ltr'><strong><em>negare</em></strong></span> <span class='ocrx_word' id='word_1_61' title='bbox 589 624 616 672; x_wconf 82' lang='grc' dir='ltr'><strong><em>ιε</em></strong></span> <span class='ocrx_word' id='word_1_62' title='bbox 625 615 747 671; x_wconf 89' lang='lat' dir='ltr'><strong><em>om&#39;ninm</em></strong></span> <span class='ocrx_word' id='word_1_63' title='bbox 761 630 822 671; x_wconf 89' lang='lat' dir='ltr'><strong><em>esse</em></strong></span> <span class='ocrx_word' id='word_1_64' title='bbox 833 626 980 688; x_wconf 82' lang='lat' dir='ltr'><strong><em>contyran·</em></strong></span> <span class='ocrx_word' id='word_1_65' title='bbox 1029 622 1134 682; x_wconf 83' lang='lat' dir='ltr'><strong><em>ternus,</em></strong></span> <span class='ocrx_word' id='word_1_66' title='bbox 1150 615 1363 684; x_wconf 84' lang='lat' dir='ltr'><strong><em>irsaestimahriis,</em></strong></span> <span class='ocrx_word' id='word_1_67' title='bbox 1377 617 1449 673; x_wconf 89' lang='lat' dir='ltr'><strong><em>sieut</em></strong></span> <span class='ocrx_word' id='word_1_68' title='bbox 1460 627 1520 685; x_wconf 92' lang='lat' dir='ltr'><strong><em>est,</em></strong></span> <span class='ocrx_word' id='word_1_69' title='bbox 1536 627 1566 674; x_wconf 93' lang='grc' dir='ltr'><strong><em>ει</em></strong></span> <span class='ocrx_word' id='word_1_70' title='bbox 1575 617 1654 688; x_wconf 77' lang='lat' dir='ltr'><strong><em>cirins</em></strong></span> <span class='ocrx_word' id='word_1_71' title='bbox 1667 616 1830 682; x_wconf 82' lang='lat' dir='ltr'><strong><em>estFilius;</em></strong></span> 
     </span>
     <span class='ocr_line' id='line_1_6' title="bbox 173 708 1833 781; baseline 0.001 -14"><span class='ocrx_word' id='word_1_72' title='bbox 173 723 272 767; x_wconf 85' lang='lat' dir='ltr'><strong><em>uorum</em></strong></span> <span class='ocrx_word' id='word_1_73' title='bbox 287 718 396 763; x_wconf 91' lang='lat' dir='ltr'><strong><em>tuorum</em></strong></span> <span class='ocrx_word' id='word_1_74' title='bbox 409 708 570 779; x_wconf 88' lang='lat' dir='ltr'><strong><em>principem,</em></strong></span> <span class='ocrx_word' id='word_1_75' title='bbox 588 708 611 764; x_wconf 89' lang='lat' dir='ltr'><strong><em>si</em></strong></span> <span class='ocrx_word' id='word_1_76' title='bbox 632 709 713 765; x_wconf 89' lang='lat' dir='ltr'><strong><em>modo</em></strong></span> <span class='ocrx_word' id='word_1_77' title='bbox 727 710 837 780; x_wconf 88' lang='lat' dir='ltr'><strong><em>penitus</em></strong></span> <span class='ocrx_word' id='word_1_78' title='bbox 846 708 978 766; x_wconf 86' lang='lat' dir='ltr'><strong><em>intuearis</em></strong></span> <span class='ocrx_word' id='word_1_79' title='bbox 1029 708 1117 764; x_wconf 87' lang='lat' dir='ltr'><strong><em>induit</em></strong></span> <span class='ocrx_word' id='word_1_80' title='bbox 1131 723 1199 765; x_wconf 84' lang='lat' dir='ltr'><strong><em>sune</em></strong></span> <span class='ocrx_word' id='word_1_81' title='bbox 1223 710 1373 781; x_wconf 88' lang='lat' dir='ltr'><strong><em>perlectum</em></strong></span> <span class='ocrx_word' id='word_1_82' title='bbox 1401 711 1540 768; x_wconf 89' lang='lat' dir='ltr'><strong><em>hominem</em></strong></span> <span class='ocrx_word' id='word_1_83' title='bbox 1557 711 1711 768; x_wconf 79' lang='lat' dir='ltr'><strong><em>ssomsstmis</em></strong></span> <span class='ocrx_word' id='word_1_84' title='bbox 1729 711 1833 768; x_wconf 81' lang='lat' dir='ltr'><strong><em>diehus</em></strong></span> 
     </span>
     <span class='ocr_line' id='line_1_7' title="bbox 171 799 1832 876; baseline 0.001 -18"><span class='ocrx_word' id='word_1_85' title='bbox 171 816 254 874; x_wconf 89' lang='lat' dir='ltr'><strong><em>opero</em></strong></span> <span class='ocrx_word' id='word_1_86' title='bbox 267 812 323 858; x_wconf 84' lang='lat' dir='ltr'><strong><em>tua.</em></strong></span> <span class='ocrx_word' id='word_1_87' title='bbox 335 799 491 869; x_wconf 72' lang='lat' dir='ltr'><strong><em>custoditio,</em></strong></span> <span class='ocrx_word' id='word_1_88' title='bbox 505 802 593 874; x_wconf 79' lang='lat' dir='ltr'><strong><em>inussit</em></strong></span> <span class='ocrx_word' id='word_1_89' title='bbox 605 801 753 874; x_wconf 82' lang='lat' dir='ltr'><strong><em>Propheta,</em></strong></span> <span class='ocrx_word' id='word_1_90' title='bbox 773 803 869 876; x_wconf 79' lang='lat' dir='ltr'><strong><em>ispum,</em></strong></span> <span class='ocrx_word' id='word_1_91' title='bbox 882 804 979 874; x_wconf 74' lang='lat' dir='ltr'><strong><em>conpr·</em></strong></span> <span class='ocrx_word' id='word_1_92' title='bbox 1028 799 1299 874; x_wconf 62' lang='lat' dir='ltr'><strong><em>deuteronomium</em></strong></span> <span class='ocrx_word' id='word_1_93' title='bbox 1314 803 1361 859; x_wconf 87' lang='lat' dir='ltr'><strong><em>sed</em></strong></span> <span class='ocrx_word' id='word_1_94' title='bbox 1375 814 1402 860; x_wconf 91' lang='lat' dir='ltr'><strong><em>et</em></strong></span> <span class='ocrx_word' id='word_1_95' title='bbox 1415 818 1476 860; x_wconf 88' lang='lat' dir='ltr'><strong><em>cum</em></strong></span> <span class='ocrx_word' id='word_1_96' title='bbox 1490 804 1659 875; x_wconf 74' lang='lat' dir='ltr'><strong>suscepisset</strong></span> <span class='ocrx_word' id='word_1_97' title='bbox 1674 803 1832 872; x_wconf 79' lang='lat' dir='ltr'><strong><em>incurrioem,</em></strong></span> 
     </span>
     <span class='ocr_line' id='line_1_8' title="bbox 172 891 1835 968; baseline 0.001 -18"><span class='ocrx_word' id='word_1_98' title='bbox 172 895 252 950; x_wconf 90' lang='lat' dir='ltr'><strong><em>motio</em></strong></span> <span class='ocrx_word' id='word_1_99' title='bbox 266 904 280 932; x_wconf 77' lang='lat'><strong><em>¹¹</em></strong></span> <span class='ocrx_word' id='word_1_100' title='bbox 299 895 502 965; x_wconf 74' lang='lat' dir='ltr'><strong><em>incorruptionis</em></strong></span> <span class='ocrx_word' id='word_1_101' title='bbox 519 906 567 961; x_wconf 85' lang='lat' dir='ltr'><strong><em>ert,</em></strong></span> <span class='ocrx_word' id='word_1_102' title='bbox 576 896 738 967; x_wconf 82' lang='lat' dir='ltr'><strong><em>incorruptio</em></strong></span> <span class='ocrx_word' id='word_1_103' title='bbox 749 905 834 950; x_wconf 91' lang='lat' dir='ltr'><strong><em>uutcm</em></strong></span> <span class='ocrx_word' id='word_1_104' title='bbox 858 897 935 966; x_wconf 76' lang='lat' dir='ltr'><strong><em>suriel</em></strong></span> <span class='ocrx_word' id='word_1_105' title='bbox 955 906 979 952; x_wconf 87' lang='lat' dir='ltr'><strong><em>tc</em></strong></span> <span class='ocrx_word' id='word_1_106' title='bbox 1030 891 1092 950; x_wconf 81' lang='lat' dir='ltr'><strong><em>iulis</em></strong></span> <span class='ocrx_word' id='word_1_107' title='bbox 1105 901 1148 949; x_wconf 84' lang='lat' dir='ltr'><strong><em>esi</em></strong></span> <span class='ocrx_word' id='word_1_108' title='bbox 1162 893 1351 961; x_wconf 80' lang='lat' dir='ltr'><strong><em>immutabilis,</em></strong></span> <span class='ocrx_word' id='word_1_109' title='bbox 1370 897 1600 968; x_wconf 78' lang='lat' dir='ltr'><strong><em>incorrruptihilis,</em></strong></span> <span class='ocrx_word' id='word_1_110' title='bbox 1614 896 1835 963; x_wconf 75' lang='lat' dir='ltr'><strong><em>toersamhttis,</em></strong></span> 
     </span>
     <span class='ocr_line' id='line_1_9' title="bbox 174 984 1836 1059; baseline 0.001 -17"><span class='ocrx_word' id='word_1_111' title='bbox 174 987 324 1058; x_wconf 75' lang='lat' dir='ltr'><strong><em>proximum</em></strong></span> <span class='ocrx_word' id='word_1_112' title='bbox 336 984 393 1041; x_wconf 84' lang='lat' dir='ltr'><strong><em>lico</em></strong></span> <span class='ocrx_word' id='word_1_113' title='bbox 405 984 487 1059; x_wconf 88' lang='lat' dir='ltr'><strong><em>(lirid.</em></strong></span> <span class='ocrx_word' id='word_1_114' title='bbox 508 984 564 1059; x_wconf 82' lang='lat' dir='ltr'><strong><em>ts).</em></strong></span> <span class='ocrx_word' id='word_1_115' title='bbox 574 986 614 1042; x_wconf 84' lang='lat' dir='ltr'><strong><em>Tu</em></strong></span> <span class='ocrx_word' id='word_1_116' title='bbox 625 985 738 1054; x_wconf 82' lang='lat' dir='ltr'><strong><em>adhaec,</em></strong></span> <span class='ocrx_word' id='word_1_117' title='bbox 751 985 925 1059; x_wconf 72' lang='lat' dir='ltr'><strong><em>corrumpite,</em></strong></span> <span class='ocrx_word' id='word_1_118' title='bbox 938 988 979 1044; x_wconf 88' lang='lat' dir='ltr'><strong><em>in·</em></strong></span> <span class='ocrx_word' id='word_1_119' title='bbox 1028 993 1056 1040; x_wconf 89' lang='lat' dir='ltr'><strong><em>et</em></strong></span> <span class='ocrx_word' id='word_1_120' title='bbox 1066 984 1296 1053; x_wconf 81' lang='lat' dir='ltr'><strong><em>inconvertibilis,</em></strong></span> <span class='ocrx_word' id='word_1_121' title='bbox 1306 987 1396 1059; x_wconf 77' lang='lat' dir='ltr'><strong><em>ortulis</em></strong></span> <span class='ocrx_word' id='word_1_122' title='bbox 1409 996 1494 1042; x_wconf 89' lang='lat' dir='ltr'><strong><em>estet</em></strong></span> <span class='ocrx_word' id='word_1_123' title='bbox 1511 987 1591 1057; x_wconf 79' lang='lat' dir='ltr'><strong><em>cujus</em></strong></span> <span class='ocrx_word' id='word_1_124' title='bbox 1604 999 1648 1043; x_wconf 92' lang='lat' dir='ltr'><strong><em>est</em></strong></span> <span class='ocrx_word' id='word_1_125' title='bbox 1657 986 1760 1056; x_wconf 79' lang='lat' dir='ltr'><strong><em>Fiiins;</em></strong></span> <span class='ocrx_word' id='word_1_126' title='bbox 1775 1003 1836 1043; x_wconf 89' lang='lat' dir='ltr'><strong><em>nou</em></strong></span> 
     </span>
     <span class='ocr_line' id='line_1_10' title="bbox 176 1078 1836 1154; baseline 0 -19"><span class='ocrx_word' id='word_1_127' title='bbox 176 1080 249 1152; x_wconf 88' lang='lat' dir='ltr'><strong><em>quis,</em></strong></span> <span class='ocrx_word' id='word_1_128' title='bbox 257 1078 307 1134; x_wconf 86' lang='lat' dir='ltr'><strong><em>Dei</em></strong></span> <span class='ocrx_word' id='word_1_129' title='bbox 321 1079 421 1154; x_wconf 85' lang='lat' dir='ltr'><strong><em>lepem,·</em></strong></span> <span class='ocrx_word' id='word_1_130' title='bbox 431 1087 461 1135; x_wconf 94' lang='lat' dir='ltr'><strong><em>ut</em></strong></span> <span class='ocrx_word' id='word_1_131' title='bbox 472 1080 634 1151; x_wconf 78' lang='lat' dir='ltr'><strong><em>corrupistis</em></strong></span> <span class='ocrx_word' id='word_1_132' title='bbox 650 1094 709 1148; x_wconf 84' lang='lat' dir='ltr'><strong><em>ros,</em></strong></span> <span class='ocrx_word' id='word_1_133' title='bbox 725 1091 916 1153; x_wconf 77' lang='lat' dir='ltr'><strong><em>persecuturus</em></strong></span> <span class='ocrx_word' id='word_1_134' title='bbox 930 1097 979 1139; x_wconf 90' lang='lat' dir='ltr'><strong><em>no-</em></strong></span> <span class='ocrx_word' id='word_1_135' title='bbox 1029 1090 1091 1134; x_wconf 81' lang='lat' dir='ltr'><strong><em>oum</em></strong></span> <span class='ocrx_word' id='word_1_136' title='bbox 1118 1079 1238 1149; x_wconf 86' lang='lat' dir='ltr'><strong><em>suscepti</em></strong></span> <span class='ocrx_word' id='word_1_137' title='bbox 1266 1078 1386 1134; x_wconf 90' lang='lat' dir='ltr'><strong><em>hominis</em></strong></span> <span class='ocrx_word' id='word_1_138' title='bbox 1401 1094 1481 1135; x_wconf 84' lang='lat' dir='ltr'><strong><em>sousa</em></strong></span> <span class='ocrx_word' id='word_1_139' title='bbox 1497 1080 1525 1134; x_wconf 91' lang='lat' dir='ltr'><strong><em>io</em></strong></span> <span class='ocrx_word' id='word_1_140' title='bbox 1547 1078 1621 1135; x_wconf 85' lang='lat' dir='ltr'><strong><em>uliud</em></strong></span> <span class='ocrx_word' id='word_1_141' title='bbox 1635 1120 1643 1147; x_wconf 98' lang='lat'><strong><em>,</em></strong></span> <span class='ocrx_word' id='word_1_142' title='bbox 1658 1094 1740 1151; x_wconf 79' lang='lat' dir='ltr'><strong><em>quiam</em></strong></span> <span class='ocrx_word' id='word_1_143' title='bbox 1757 1079 1836 1149; x_wconf 81' lang='lat' dir='ltr'><strong><em>quod</em></strong></span> 
     </span>
     <span class='ocr_line' id='line_1_11' title="bbox 178 1170 1837 1245; baseline -0.001 -15"><span class='ocrx_word' id='word_1_144' title='bbox 178 1173 239 1231; x_wconf 86' lang='lat' dir='ltr'><strong><em>stri.</em></strong></span> <span class='ocrx_word' id='word_1_145' title='bbox 252 1172 318 1241; x_wconf 85' lang='lat' dir='ltr'><strong><em>Quis</em></strong></span> <span class='ocrx_word' id='word_1_146' title='bbox 333 1181 387 1228; x_wconf 86' lang='lat' dir='ltr'><strong><em>tarn</em></strong></span> <span class='ocrx_word' id='word_1_147' title='bbox 401 1187 498 1231; x_wconf 84' lang='lat' dir='ltr'><strong><em>vecors</em></strong></span> <span class='ocrx_word' id='word_1_148' title='bbox 512 1182 565 1241; x_wconf 90' lang='lat' dir='ltr'><strong><em>est,</em></strong></span> <span class='ocrx_word' id='word_1_149' title='bbox 579 1173 625 1244; x_wconf 82' lang='lat' dir='ltr'><strong><em>oni</em></strong></span> <span class='ocrx_word' id='word_1_150' title='bbox 640 1173 704 1229; x_wconf 86' lang='lat' dir='ltr'><strong><em>reiit</em></strong></span> <span class='ocrx_word' id='word_1_151' title='bbox 715 1182 862 1245; x_wconf 89' lang='lat' dir='ltr'><strong><em>corruptus</em></strong></span> <span class='ocrx_word' id='word_1_152' title='bbox 876 1189 892 1230; x_wconf 88' lang='lat' dir='ltr'><strong><em>a</em></strong></span> <span class='ocrx_word' id='word_1_153' title='bbox 908 1184 935 1231; x_wconf 92' lang='grc' dir='ltr'><strong><em>ιε</em></strong></span> <span class='ocrx_word' id='word_1_154' title='bbox 950 1176 978 1231; x_wconf 93' lang='lat' dir='ltr'><strong><em>in</em></strong></span> <span class='ocrx_word' id='word_1_155' title='bbox 1030 1185 1139 1241; x_wconf 88' lang='lat' dir='ltr'><strong><em>semper</em></strong></span> <span class='ocrx_word' id='word_1_156' title='bbox 1154 1170 1224 1237; x_wconf 90' lang='lat' dir='ltr'><strong><em>luit,</em></strong></span> <span class='ocrx_word' id='word_1_157' title='bbox 1242 1173 1331 1243; x_wconf 87' lang='lat' dir='ltr'><strong><em>potuit</em></strong></span> <span class='ocrx_word' id='word_1_158' title='bbox 1350 1183 1527 1238; x_wconf 79' lang='lat' dir='ltr'><strong><em>convertere3</em></strong></span> <span class='ocrx_word' id='word_1_159' title='bbox 1555 1172 1779 1244; x_wconf 83' lang='lat' dir='ltr'><strong><em>quandoquidem</em></strong></span> <span class='ocrx_word' id='word_1_160' title='bbox 1804 1173 1837 1229; x_wconf 88' lang='lat' dir='ltr'><strong><em>iu</em></strong></span> 
     </span>
     <span class='ocr_line' id='line_1_12' title="bbox 175 1262 1837 1337; baseline -0.001 -16"><span class='ocrx_word' id='word_1_161' title='bbox 175 1272 308 1322; x_wconf 72' lang='lat' dir='ltr'><strong><em>{eternum</em></strong></span> <span class='ocrx_word' id='word_1_162' title='bbox 324 1264 435 1335; x_wconf 85' lang='lat' dir='ltr'><strong><em>periret</em></strong></span> <span class='ocrx_word' id='word_1_163' title='bbox 458 1265 504 1335; x_wconf 80' lang='lat' dir='ltr'><strong><em>tpui</em></strong></span> <span class='ocrx_word' id='word_1_164' title='bbox 531 1264 599 1321; x_wconf 88' lang='lat' dir='ltr'><strong><em>ttulit</em></strong></span> <span class='ocrx_word' id='word_1_165' title='bbox 623 1264 758 1323; x_wconf 81' lang='lat' dir='ltr'><strong><em>monendo</em></strong></span> <span class='ocrx_word' id='word_1_166' title='bbox 781 1265 808 1320; x_wconf 92' lang='lat' dir='ltr'><strong><em>iu</em></strong></span> <span class='ocrx_word' id='word_1_167' title='bbox 823 1265 980 1337; x_wconf 77' lang='lat' dir='ltr'><strong><em>integritate</em></strong></span> <span class='ocrx_word' id='word_1_168' title='bbox 1029 1262 1117 1321; x_wconf 81' lang='lat' dir='ltr'><strong><em>lurotu</em></strong></span> <span class='ocrx_word' id='word_1_169' title='bbox 1133 1265 1169 1319; x_wconf 90' lang='lat' dir='ltr'><strong><em>sit</em></strong></span> <span class='ocrx_word' id='word_1_170' title='bbox 1183 1264 1234 1319; x_wconf 87' lang='lat' dir='ltr'><strong><em>Dei</em></strong></span> <span class='ocrx_word' id='word_1_171' title='bbox 1249 1264 1406 1335; x_wconf 78' lang='lat' dir='ltr'><strong><em>patrissui,</em></strong></span> <span class='ocrx_word' id='word_1_172' title='bbox 1428 1264 1651 1335; x_wconf 82' lang='lat' dir='ltr'><strong><em>quandoquidem</em></strong></span> <span class='ocrx_word' id='word_1_173' title='bbox 1678 1265 1716 1320; x_wconf 90' lang='lat' dir='ltr'><strong><em>sit</em></strong></span> <span class='ocrx_word' id='word_1_174' title='bbox 1740 1279 1837 1336; x_wconf 73' lang='lat' dir='ltr'><strong><em>arqua-</em></strong></span> 
     </span>
     <span class='ocr_line' id='line_1_13' title="bbox 175 1343 1836 1431; baseline -0.001 -16"><span class='ocrx_word' id='word_1_175' title='bbox 175 1358 317 1431; x_wconf 83' lang='lat' dir='ltr'><strong><em>protimus</em></strong></span> <span class='ocrx_word' id='word_1_176' title='bbox 337 1356 398 1415; x_wconf 89' lang='lat' dir='ltr'><strong><em>lieri</em></strong></span> <span class='ocrx_word' id='word_1_177' title='bbox 416 1356 561 1414; x_wconf 80' lang='lat' dir='ltr'><strong><em>uestem</em></strong></span> <span class='ocrx_word' id='word_1_178' title='bbox 580 1356 639 1413; x_wconf 83' lang='lat' dir='ltr'><strong><em>haec</em></strong></span> <span class='ocrx_word' id='word_1_179' title='bbox 653 1364 700 1413; x_wconf 87' lang='lat' dir='ltr'><strong><em>aut</em></strong></span> <span class='ocrx_word' id='word_1_180' title='bbox 722 1356 783 1428; x_wconf 88' lang='lat' dir='ltr'><strong><em>ipse</em></strong></span> <span class='ocrx_word' id='word_1_181' title='bbox 803 1356 908 1425; x_wconf 85' lang='lat' dir='ltr'><strong><em>iecisti,</em></strong></span> <span class='ocrx_word' id='word_1_182' title='bbox 932 1367 979 1414; x_wconf 80' lang='lat' dir='ltr'><strong><em>snt</em></strong></span> <span class='ocrx_word' id='word_1_183' title='bbox 1030 1356 1163 1413; x_wconf 82' lang='lat' dir='ltr'><strong><em>iisi&#39;iiius</em></strong></span> <span class='ocrx_word' id='word_1_184' title='bbox 1188 1343 1284 1424; x_wconf 72' lang='lat' dir='ltr'><strong><em>Petri,</em></strong></span> <span class='ocrx_word' id='word_1_185' title='bbox 1297 1367 1327 1413; x_wconf 94' lang='lat' dir='ltr'><strong><em>ut</em></strong></span> <span class='ocrx_word' id='word_1_186' title='bbox 1355 1357 1442 1414; x_wconf 89' lang='lat' dir='ltr'><strong><em>relert</em></strong></span> <span class='ocrx_word' id='word_1_187' title='bbox 1465 1357 1642 1414; x_wconf 78' lang='lat' dir='ltr'><strong><em>beatissimus</em></strong></span> <span class='ocrx_word' id='word_1_188' title='bbox 1663 1357 1836 1428; x_wconf 81' lang='lat' dir='ltr'><strong><em>spostolus:</em></strong></span> 
     </span>
     <span class='ocr_line' id='line_1_14' title="bbox 176 1447 1840 1524; baseline -0.003 -14"><span class='ocrx_word' id='word_1_189' title='bbox 176 1467 227 1510; x_wconf 89' lang='lat' dir='ltr'><strong><em>nos</em></strong></span> <span class='ocrx_word' id='word_1_190' title='bbox 257 1453 347 1509; x_wconf 77' lang='lat' dir='ltr'><strong><em>lucere</em></strong></span> <span class='ocrx_word' id='word_1_191' title='bbox 378 1452 469 1508; x_wconf 85' lang='lat' dir='ltr'><strong><em>lueres</em></strong></span> <span class='ocrx_word' id='word_1_192' title='bbox 507 1452 676 1523; x_wconf 88' lang='lat' dir='ltr'><strong><em>compellere</em></strong></span> <span class='ocrx_word' id='word_1_193' title='bbox 713 1453 815 1509; x_wconf 81' lang='lat' dir='ltr'><strong><em>ansusi</em></strong></span> <span class='ocrx_word' id='word_1_194' title='bbox 842 1453 979 1524; x_wconf 80' lang='lat' dir='ltr'><strong><em>Numquid</em></strong></span> <span class='ocrx_word' id='word_1_195' title='bbox 1032 1449 1195 1516; x_wconf 80' lang='lat' dir='ltr'><strong><em>Quicumin</em></strong></span> <span class='ocrx_word' id='word_1_196' title='bbox 1211 1453 1296 1522; x_wconf 82' lang='lat' dir='ltr'><strong><em>lormo</em></strong></span> <span class='ocrx_word' id='word_1_197' title='bbox 1310 1447 1440 1505; x_wconf 87' lang='lat' dir='ltr'><strong><em>Deiesset</em></strong></span> <span class='ocrx_word' id='word_1_198' title='bbox 1458 1459 1603 1517; x_wconf 78' lang='lat' dir='ltr'><strong><em>s,noncst</em></strong></span> <span class='ocrx_word' id='word_1_199' title='bbox 1625 1451 1749 1522; x_wconf 85' lang='lat' dir='ltr'><strong><em>rupinum</em></strong></span> <span class='ocrx_word' id='word_1_200' title='bbox 1762 1451 1840 1505; x_wconf 83' lang='lat' dir='ltr'><strong><em>orli-</em></strong></span> 
     </span>
     <span class='ocr_line' id='line_1_15' title="bbox 176 1541 1839 1618; baseline -0.005 -14"><span class='ocrx_word' id='word_1_201' title='bbox 176 1561 231 1604; x_wconf 86' lang='lat' dir='ltr'><strong><em>uon</em></strong></span> <span class='ocrx_word' id='word_1_202' title='bbox 247 1548 354 1618; x_wconf 74' lang='lat' dir='ltr'><strong><em>legeras</em></strong></span> <span class='ocrx_word' id='word_1_203' title='bbox 376 1546 483 1603; x_wconf 84' lang='lat' dir='ltr'><strong><em>dixisse</em></strong></span> <span class='ocrx_word' id='word_1_204' title='bbox 498 1546 526 1601; x_wconf 92' lang='lat' dir='ltr'><strong><em>io</em></strong></span> <span class='ocrx_word' id='word_1_205' title='bbox 548 1545 620 1602; x_wconf 87' lang='lat' dir='ltr'><strong><em>libro</em></strong></span> <span class='ocrx_word' id='word_1_206' title='bbox 634 1545 783 1618; x_wconf 72' lang='lat' dir='ltr'><strong><em>sapientire</em></strong></span> <span class='ocrx_word' id='word_1_207' title='bbox 802 1547 979 1605; x_wconf 78' lang='lat' dir='ltr'><strong><em>Salomonem</em></strong></span> <span class='ocrx_word' id='word_1_208' title='bbox 1030 1549 1112 1597; x_wconf 88' lang='lat' dir='ltr'><strong><em>trotus</em></strong></span> <span class='ocrx_word' id='word_1_209' title='bbox 1125 1557 1179 1597; x_wconf 78' lang='lat' dir='ltr'><strong><em>erse</em></strong></span> <span class='ocrx_word' id='word_1_210' title='bbox 1191 1558 1219 1596; x_wconf 78' lang='lat' dir='ltr'><strong><em>rs</em></strong></span> <span class='ocrx_word' id='word_1_211' title='bbox 1233 1543 1357 1612; x_wconf 80' lang='lat' dir='ltr'><strong><em>cosulem</em></strong></span> <span class='ocrx_word' id='word_1_212' title='bbox 1371 1541 1442 1610; x_wconf 83' lang='lat' dir='ltr'><strong><em>lieo,</em></strong></span> <span class='ocrx_word' id='word_1_213' title='bbox 1454 1542 1501 1597; x_wconf 84' lang='lat' dir='ltr'><strong><em>red</em></strong></span> <span class='ocrx_word' id='word_1_214' title='bbox 1511 1543 1676 1615; x_wconf 76' lang='lat' dir='ltr'><strong><em>monetipmrn</em></strong></span> <span class='ocrx_word' id='word_1_215' title='bbox 1688 1541 1839 1598; x_wconf 80' lang='lat' dir='ltr'><strong><em>ceincminit</em></strong></span> 
     </span>
     <span class='ocr_line' id='line_1_16' title="bbox 177 1634 1839 1710; baseline -0.002 -15"><span class='ocrx_word' id='word_1_216' title='bbox 177 1639 211 1695; x_wconf 81' lang='lat' dir='ltr'><strong><em>ud</em></strong></span> <span class='ocrx_word' id='word_1_217' title='bbox 227 1639 331 1696; x_wconf 80' lang='lat' dir='ltr'><strong><em>Deum:</em></strong></span> <span class='ocrx_word' id='word_1_218' title='bbox 345 1638 418 1693; x_wconf 85' lang='lat' dir='ltr'><strong><em>Deus</em></strong></span> <span class='ocrx_word' id='word_1_219' title='bbox 428 1650 565 1710; x_wconf 84' lang='lat' dir='ltr'><strong><em>parentum</em></strong></span> <span class='ocrx_word' id='word_1_220' title='bbox 578 1636 604 1702; x_wconf 77' lang='lat' dir='ltr'><strong><em>b,</em></strong></span> <span class='ocrx_word' id='word_1_221' title='bbox 618 1649 643 1708; x_wconf 77' lang='lat' dir='ltr'><strong><em>et</em></strong></span> <span class='ocrx_word' id='word_1_222' title='bbox 658 1638 770 1696; x_wconf 81' lang='lat' dir='ltr'><strong><em>Domine</em></strong></span> <span class='ocrx_word' id='word_1_223' title='bbox 783 1641 979 1697; x_wconf 85' lang='lat' dir='ltr'><strong><em>misericordio—</em></strong></span> <span class='ocrx_word' id='word_1_224' title='bbox 1030 1634 1351 1707; x_wconf 80' lang='lat' dir='ltr'><strong><em>lormomoccipiensscroi</em></strong></span> <span class='ocrx_word' id='word_1_225' title='bbox 1368 1634 1483 1708; x_wconf 86' lang='lat' dir='ltr'><strong><em>(Philip.</em></strong></span> <span class='ocrx_word' id='word_1_226' title='bbox 1494 1651 1526 1703; x_wconf 87' lang='lat' dir='ltr'><strong><em>tr,</em></strong></span> <span class='ocrx_word' id='word_1_227' title='bbox 1543 1635 1584 1706; x_wconf 80' lang='lat' dir='ltr'><strong><em>ii).</em></strong></span> <span class='ocrx_word' id='word_1_228' title='bbox 1594 1634 1653 1692; x_wconf 84' lang='lat' dir='ltr'><strong><em>Non</em></strong></span> <span class='ocrx_word' id='word_1_229' title='bbox 1673 1635 1748 1692; x_wconf 88' lang='lat' dir='ltr'><strong><em>enim</em></strong></span> <span class='ocrx_word' id='word_1_230' title='bbox 1770 1635 1839 1706; x_wconf 79' lang='lat' dir='ltr'><strong><em>quis</em></strong></span> 
     </span>
     <span class='ocr_line' id='line_1_17' title="bbox 176 1723 1840 1805; baseline -0.003 -16"><span class='ocrx_word' id='word_1_231' title='bbox 176 1748 246 1797; x_wconf 85' lang='lat' dir='ltr'><strong><em>rum.</em></strong></span> <span class='ocrx_word' id='word_1_232' title='bbox 262 1732 307 1803; x_wconf 79' lang='lat' dir='ltr'><strong><em>qni</em></strong></span> <span class='ocrx_word' id='word_1_233' title='bbox 319 1731 404 1802; x_wconf 73' lang='lat' dir='ltr'><strong><em>iecisti</em></strong></span> <span class='ocrx_word' id='word_1_234' title='bbox 418 1732 505 1786; x_wconf 86' lang='lat' dir='ltr'><strong><em>omniu</em></strong></span> <span class='ocrx_word' id='word_1_235' title='bbox 527 1733 602 1788; x_wconf 76' lang='lat' dir='ltr'><strong><em>nerito</em></strong></span> <span class='ocrx_word' id='word_1_236' title='bbox 618 1743 677 1801; x_wconf 88' lang='lat' dir='ltr'><strong><em>luo,</em></strong></span> <span class='ocrx_word' id='word_1_237' title='bbox 699 1743 724 1790; x_wconf 87' lang='lat' dir='ltr'><strong><em>ct</em></strong></span> <span class='ocrx_word' id='word_1_238' title='bbox 740 1734 867 1805; x_wconf 86' lang='lat' dir='ltr'><strong><em>topicrniu</em></strong></span> <span class='ocrx_word' id='word_1_239' title='bbox 889 1745 975 1788; x_wconf 83' lang='lat' dir='ltr'><strong><em>ccon·</em></strong></span> <span class='ocrx_word' id='word_1_240' title='bbox 990 1723 1107 1792; x_wconf 82' lang='lat' dir='ltr'><strong><em>Bdixit,</em></strong></span> <span class='ocrx_word' id='word_1_241' title='bbox 1120 1731 1288 1801; x_wconf 83' lang='lat' dir='ltr'><strong><em>semetipsum</em></strong></span> <span class='ocrx_word' id='word_1_242' title='bbox 1302 1729 1453 1795; x_wconf 74' lang='lat' dir='ltr'><strong><em>exinaniuit,</em></strong></span> <span class='ocrx_word' id='word_1_243' title='bbox 1477 1734 1590 1802; x_wconf 71' lang='lat' dir='ltr'><strong><em>formum</em></strong></span> <span class='ocrx_word' id='word_1_244' title='bbox 1613 1731 1681 1786; x_wconf 84' lang='lat' dir='ltr'><strong><em>serni</em></strong></span> <span class='ocrx_word' id='word_1_245' title='bbox 1702 1730 1840 1801; x_wconf 84' lang='lat' dir='ltr'><strong><em>occipiens</em></strong></span> 
     </span>
     <span class='ocr_line' id='line_1_18' title="bbox 176 1820 1840 1897; baseline 0.002 -20"><span class='ocrx_word' id='word_1_246' title='bbox 176 1822 283 1878; x_wconf 80' lang='lat' dir='ltr'><strong><em>nituisti</em></strong></span> <span class='ocrx_word' id='word_1_247' title='bbox 295 1823 432 1889; x_wconf 84' lang='lat' dir='ltr'><strong><em>hominem,</em></strong></span> <span class='ocrx_word' id='word_1_248' title='bbox 444 1833 472 1879; x_wconf 88' lang='lat' dir='ltr'><strong><em>ut</em></strong></span> <span class='ocrx_word' id='word_1_249' title='bbox 486 1823 632 1881; x_wconf 89' lang='lat' dir='ltr'><strong><em>dominetur</em></strong></span> <span class='ocrx_word' id='word_1_250' title='bbox 639 1836 765 1881; x_wconf 86' lang='lat' dir='ltr'><strong><em>creotrtro·</em></strong></span> <span class='ocrx_word' id='word_1_251' title='bbox 776 1842 833 1897; x_wconf 82' lang='lat' dir='ltr'><strong><em>pum</em></strong></span> <span class='ocrx_word' id='word_1_252' title='bbox 844 1843 861 1881; x_wconf 86' lang='lat' dir='ltr'><strong><em>tt</em></strong></span> <span class='ocrx_word' id='word_1_253' title='bbox 872 1836 896 1883; x_wconf 84' lang='lat' dir='ltr'><strong><em>tc</em></strong></span> <span class='ocrx_word' id='word_1_254' title='bbox 908 1828 977 1897; x_wconf 78' lang='lat' dir='ltr'><strong><em>lucto</em></strong></span> <span class='ocrx_word' id='word_1_255' title='bbox 1028 1820 1425 1878; x_wconf 79' lang='lat' dir='ltr'><strong><em>DeusheinrricusFiiiusoliud</em></strong></span> <span class='ocrx_word' id='word_1_256' title='bbox 1435 1821 1494 1879; x_wconf 88' lang='lat' dir='ltr'><strong><em>lieri</em></strong></span> <span class='ocrx_word' id='word_1_257' title='bbox 1504 1824 1592 1894; x_wconf 91' lang='lat' dir='ltr'><strong><em>potuit</em></strong></span> <span class='ocrx_word' id='word_1_258' title='bbox 1601 1839 1635 1880; x_wconf 84' lang='lat' dir='ltr'><strong><em>ex</em></strong></span> <span class='ocrx_word' id='word_1_259' title='bbox 1644 1823 1702 1892; x_wconf 90' lang='lat' dir='ltr'><strong><em>ilio,</em></strong></span> <span class='ocrx_word' id='word_1_260' title='bbox 1711 1823 1786 1895; x_wconf 85' lang='lat' dir='ltr'><strong><em>quod</em></strong></span> <span class='ocrx_word' id='word_1_261' title='bbox 1795 1823 1840 1880; x_wconf 70' lang='lat' dir='ltr'><strong><em>esi</em></strong></span> 
     </span>
     <span class='ocr_line' id='line_1_19' title="bbox 179 1914 1841 1992; baseline 0.001 -20"><span class='ocrx_word' id='word_1_262' title='bbox 179 1924 228 1982; x_wconf 82' lang='lat' dir='ltr'><strong><em>stt,</em></strong></span> <span class='ocrx_word' id='word_1_263' title='bbox 241 1923 271 1970; x_wconf 83' lang='lat' dir='ltr'><strong><em>ut</em></strong></span> <span class='ocrx_word' id='word_1_264' title='bbox 281 1915 402 1988; x_wconf 79' lang='lat' dir='ltr'><strong><em>disponat</em></strong></span> <span class='ocrx_word' id='word_1_265' title='bbox 415 1917 502 1972; x_wconf 84' lang='lat' dir='ltr'><strong><em>erlem</em></strong></span> <span class='ocrx_word' id='word_1_266' title='bbox 515 1925 643 1973; x_wconf 85' lang='lat' dir='ltr'><strong><em>terrorum</em></strong></span> <span class='ocrx_word' id='word_1_267' title='bbox 657 1918 684 1973; x_wconf 93' lang='lat' dir='ltr'><strong><em>in</em></strong></span> <span class='ocrx_word' id='word_1_268' title='bbox 690 1919 797 1992; x_wconf 78' lang='lat' dir='ltr'><strong><em>justitio</em></strong></span> <span class='ocrx_word' id='word_1_269' title='bbox 809 1928 833 1974; x_wconf 91' lang='lat' dir='ltr'><strong><em>et</em></strong></span> <span class='ocrx_word' id='word_1_270' title='bbox 845 1921 976 1989; x_wconf 79' lang='lat' dir='ltr'><strong><em>equitate,</em></strong></span> <span class='ocrx_word' id='word_1_271' title='bbox 1026 1914 1244 1986; x_wconf 82' lang='lat' dir='ltr'><strong><em>incorruptibilis</em></strong></span> <span class='ocrx_word' id='word_1_272' title='bbox 1256 1957 1264 1983; x_wconf 91' lang='lat'><strong><em>,</em></strong></span> <span class='ocrx_word' id='word_1_273' title='bbox 1277 1916 1471 1973; x_wconf 82' lang='lat' dir='ltr'><strong><em>iocmrrahitis</em></strong></span> <span class='ocrx_word' id='word_1_274' title='bbox 1486 1960 1494 1985; x_wconf 95' lang='lat'><strong><em>,</em></strong></span> <span class='ocrx_word' id='word_1_275' title='bbox 1511 1917 1702 1985; x_wconf 82' lang='lat' dir='ltr'><strong><em>immutabilis,</em></strong></span> <span class='ocrx_word' id='word_1_276' title='bbox 1717 1933 1780 1975; x_wconf 87' lang='lat' dir='ltr'><strong><em>enm</em></strong></span> <span class='ocrx_word' id='word_1_277' title='bbox 1802 1917 1841 1974; x_wconf 87' lang='lat' dir='ltr'><strong><em>sit</em></strong></span> 
     </span>
     <span class='ocr_line' id='line_1_20' title="bbox 179 2008 1841 2095; baseline 0.001 -29"><span class='ocrx_word' id='word_1_278' title='bbox 179 2020 203 2066; x_wconf 92' lang='lat' dir='ltr'><strong><em>et</em></strong></span> <span class='ocrx_word' id='word_1_279' title='bbox 217 2010 245 2065; x_wconf 88' lang='lat' dir='ltr'><strong><em>in</em></strong></span> <span class='ocrx_word' id='word_1_280' title='bbox 260 2009 403 2066; x_wconf 78' lang='lat' dir='ltr'><strong><em>directione</em></strong></span> <span class='ocrx_word' id='word_1_281' title='bbox 413 2012 496 2066; x_wconf 90' lang='lat' dir='ltr'><strong><em>onimi</em></strong></span> <span class='ocrx_word' id='word_1_282' title='bbox 506 2013 639 2087; x_wconf 80' lang='lat' dir='ltr'><strong><em>judicium</em></strong></span> <span class='ocrx_word' id='word_1_283' title='bbox 653 2013 756 2086; x_wconf 76' lang='lat' dir='ltr'><strong><em>judicet</em></strong></span> <span class='ocrx_word' id='word_1_284' title='bbox 768 2013 824 2085; x_wconf 77' lang='lat' dir='ltr'><strong><em>lli.</em></strong></span> <span class='ocrx_word' id='word_1_285' title='bbox 838 2029 876 2081; x_wconf 83' lang='lat' dir='ltr'><strong><em>rs,</em></strong></span> <span class='ocrx_word' id='word_1_286' title='bbox 891 2012 930 2085; x_wconf 80' lang='lat' dir='ltr'><strong><em>l).</em></strong></span> <span class='ocrx_word' id='word_1_287' title='bbox 943 2012 979 2069; x_wconf 86' lang='lat' dir='ltr'><strong><em>Et</em></strong></span> <span class='ocrx_word' id='word_1_288' title='bbox 1028 2022 1139 2079; x_wconf 91' lang='lat' dir='ltr'><strong><em>semper</em></strong></span> <span class='ocrx_word' id='word_1_289' title='bbox 1155 2008 1183 2065; x_wconf 91' lang='lat' dir='ltr'><strong><em>iu</em></strong></span> <span class='ocrx_word' id='word_1_290' title='bbox 1197 2023 1232 2064; x_wconf 91' lang='lat' dir='ltr'><strong><em>eo</em></strong></span> <span class='ocrx_word' id='word_1_291' title='bbox 1243 2017 1316 2066; x_wconf 87' lang='lat' dir='ltr'><strong><em>statu</em></strong></span> <span class='ocrx_word' id='word_1_292' title='bbox 1330 2021 1442 2066; x_wconf 72' lang='lat' dir='ltr'><strong><em>{sternte</em></strong></span> <span class='ocrx_word' id='word_1_293' title='bbox 1456 2011 1796 2095; x_wconf 73' lang='lat' dir='ltr'><strong><em>magnitudinismunens,</em></strong></span> <span class='ocrx_word' id='word_1_294' title='bbox 1811 2013 1841 2068; x_wconf 91' lang='lat' dir='ltr'><strong><em>iu</em></strong></span> 
     </span>
     <span class='ocr_line' id='line_1_21' title="bbox 179 2101 1842 2180; baseline 0.001 -20"><span class='ocrx_word' id='word_1_295' title='bbox 179 2103 294 2161; x_wconf 90' lang='lat' dir='ltr'><strong><em>iterum:</em></strong></span> <span class='ocrx_word' id='word_1_296' title='bbox 309 2101 431 2160; x_wconf 84' lang='lat' dir='ltr'><strong><em>Docuirti</em></strong></span> <span class='ocrx_word' id='word_1_297' title='bbox 445 2105 574 2177; x_wconf 87' lang='lat' dir='ltr'><strong><em>populum</em></strong></span> <span class='ocrx_word' id='word_1_298' title='bbox 587 2116 662 2162; x_wconf 83' lang='lat' dir='ltr'><strong><em>tuum</em></strong></span> <span class='ocrx_word' id='word_1_299' title='bbox 675 2107 797 2178; x_wconf 82' lang='lat' dir='ltr'><strong><em>pertalis</em></strong></span> <span class='ocrx_word' id='word_1_300' title='bbox 810 2123 902 2179; x_wconf 84' lang='lat' dir='ltr'><strong><em>opero,</em></strong></span> <span class='ocrx_word' id='word_1_301' title='bbox 916 2123 976 2180; x_wconf 85' lang='lat' dir='ltr'><strong><em>quo·</em></strong></span> <span class='ocrx_word' id='word_1_302' title='bbox 1029 2116 1085 2174; x_wconf 84' lang='lat' dir='ltr'><strong><em>quo</em></strong></span> <span class='ocrx_word' id='word_1_303' title='bbox 1103 2103 1139 2157; x_wconf 88' lang='lat' dir='ltr'><strong><em>sit</em></strong></span> <span class='ocrx_word' id='word_1_304' title='bbox 1155 2116 1269 2158; x_wconf 83' lang='lat' dir='ltr'><strong><em>nuanens</em></strong></span> <span class='ocrx_word' id='word_1_305' title='bbox 1283 2112 1311 2159; x_wconf 91' lang='lat' dir='ltr'><strong><em>et</em></strong></span> <span class='ocrx_word' id='word_1_306' title='bbox 1329 2103 1388 2173; x_wconf 77' lang='lat' dir='ltr'><strong><em>eius</em></strong></span> <span class='ocrx_word' id='word_1_307' title='bbox 1402 2102 1497 2161; x_wconf 75' lang='lat' dir='ltr'><strong><em>Peter.</em></strong></span> <span class='ocrx_word' id='word_1_308' title='bbox 1517 2104 1572 2161; x_wconf 87' lang='lat' dir='ltr'><strong><em>Sed</em></strong></span> <span class='ocrx_word' id='word_1_309' title='bbox 1588 2104 1682 2177; x_wconf 80' lang='lat' dir='ltr'><strong><em>utiotte</em></strong></span> <span class='ocrx_word' id='word_1_310' title='bbox 1703 2105 1842 2178; x_wconf 70' lang='lat' dir='ltr'><strong><em>intelligi·</em></strong></span> 
     </span>
     <span class='ocr_line' id='line_1_22' title="bbox 182 2193 1841 2272; baseline 0.002 -20"><span class='ocrx_word' id='word_1_311' title='bbox 182 2197 254 2253; x_wconf 89' lang='lat' dir='ltr'><strong><em>rriunt</em></strong></span> <span class='ocrx_word' id='word_1_312' title='bbox 277 2207 379 2269; x_wconf 83' lang='lat' dir='ltr'><strong><em>oportet</em></strong></span> <span class='ocrx_word' id='word_1_313' title='bbox 387 2202 491 2272; x_wconf 78' lang='lat' dir='ltr'><strong><em>justum</em></strong></span> <span class='ocrx_word' id='word_1_314' title='bbox 506 2214 562 2256; x_wconf 83' lang='lat' dir='ltr'><strong><em>estc</em></strong></span> <span class='ocrx_word' id='word_1_315' title='bbox 576 2240 584 2267; x_wconf 98' lang='lat'><strong><em>,</em></strong></span> <span class='ocrx_word' id='word_1_316' title='bbox 599 2210 622 2254; x_wconf 87' lang='lat' dir='ltr'><strong><em>et</em></strong></span> <span class='ocrx_word' id='word_1_317' title='bbox 637 2200 762 2257; x_wconf 86' lang='lat' dir='ltr'><strong><em>lrumonoe</em></strong></span> <span class='ocrx_word' id='word_1_318' title='bbox 775 2197 789 2238; x_wconf 54' lang='grc' dir='ltr'><em>ἃ</em></span> <span class='ocrx_word' id='word_1_319' title='bbox 802 2210 826 2256; x_wconf 83' lang='grc' dir='ltr'><strong><em>ει</em></strong></span> <span class='ocrx_word' id='word_1_320' title='bbox 841 2200 914 2258; x_wconf 86' lang='lat' dir='ltr'><strong><em>lonte</em></strong></span> <span class='ocrx_word' id='word_1_321' title='bbox 926 2202 982 2271; x_wconf 85' lang='lat' dir='ltr'><strong><em>spei</em></strong></span> <span class='ocrx_word' id='word_1_322' title='bbox 1031 2211 1092 2252; x_wconf 91' lang='lat' dir='ltr'><strong><em>tnus</em></strong></span> <span class='ocrx_word' id='word_1_323' title='bbox 1112 2195 1185 2268; x_wconf 81' lang='lat' dir='ltr'><strong><em>quod</em></strong></span> <span class='ocrx_word' id='word_1_324' title='bbox 1196 2197 1233 2252; x_wconf 93' lang='lat' dir='ltr'><strong><em>sit</em></strong></span> <span class='ocrx_word' id='word_1_325' title='bbox 1245 2193 1271 2262; x_wconf 72' lang='lat'><strong><em>¹¹,</em></strong></span> <span class='ocrx_word' id='word_1_326' title='bbox 1287 2199 1333 2253; x_wconf 85' lang='lat' dir='ltr'><strong><em>scd</em></strong></span> <span class='ocrx_word' id='word_1_327' title='bbox 1347 2197 1513 2269; x_wconf 87' lang='lat' dir='ltr'><strong><em>semetipsum</em></strong></span> <span class='ocrx_word' id='word_1_328' title='bbox 1535 2200 1688 2266; x_wconf 84' lang='lat' dir='ltr'><strong><em>ocinunioit,</em></strong></span> <span class='ocrx_word' id='word_1_329' title='bbox 1701 2198 1757 2256; x_wconf 90' lang='lat' dir='ltr'><strong><em>hoe</em></strong></span> <span class='ocrx_word' id='word_1_330' title='bbox 1770 2208 1816 2256; x_wconf 87' lang='grc' dir='ltr'><strong><em>εει</em></strong></span> <span class='ocrx_word' id='word_1_331' title='bbox 1832 2242 1841 2268; x_wconf 87' lang='grc'>,</span> 
     </span>
     <span class='ocr_line' id='line_1_23' title="bbox 181 2287 1842 2367; baseline -0.001 -17"><span class='ocrx_word' id='word_1_332' title='bbox 181 2291 267 2364; x_wconf 81' lang='lat' dir='ltr'><strong><em>{eristi</em></strong></span> <span class='ocrx_word' id='word_1_333' title='bbox 282 2293 351 2362; x_wconf 85' lang='lat' dir='ltr'><strong><em>,tttos</em></strong></span> <span class='ocrx_word' id='word_1_334' title='bbox 366 2301 423 2348; x_wconf 87' lang='lat' dir='ltr'><strong><em>tuos</em></strong></span> <span class='ocrx_word' id='word_1_335' title='bbox 437 2292 493 2366; x_wconf 84' lang='lat' dir='ltr'><strong><em>(tl.</em></strong></span> <span class='ocrx_word' id='word_1_336' title='bbox 507 2309 557 2361; x_wconf 80' lang='lat' dir='ltr'><strong><em>stt,</em></strong></span> <span class='ocrx_word' id='word_1_337' title='bbox 571 2292 628 2367; x_wconf 76' lang='lat' dir='ltr'><strong><em>lh).</em></strong></span> <span class='ocrx_word' id='word_1_338' title='bbox 642 2293 718 2361; x_wconf 83' lang='lat' dir='ltr'><strong><em>Non,</em></strong></span> <span class='ocrx_word' id='word_1_339' title='bbox 736 2295 846 2365; x_wconf 79' lang='lat' dir='ltr'><strong><em>inquom</em></strong></span> <span class='ocrx_word' id='word_1_340' title='bbox 862 2337 870 2363; x_wconf 92' lang='lat'><strong><em>,</em></strong></span> <span class='ocrx_word' id='word_1_341' title='bbox 884 2296 909 2351; x_wconf 80' lang='lat' dir='ltr'><strong><em>si</em></strong></span> <span class='ocrx_word' id='word_1_342' title='bbox 923 2296 982 2353; x_wconf 71' lang='lat' dir='ltr'><strong><em>huc</em></strong></span> <span class='ocrx_word' id='word_1_343' title='bbox 1031 2300 1093 2345; x_wconf 84' lang='lat' dir='ltr'><strong><em>eunt</em></strong></span> <span class='ocrx_word' id='word_1_344' title='bbox 1110 2287 1119 2325; x_wconf 74' lang='lat'><strong>¹</strong></span> <span class='ocrx_word' id='word_1_345' title='bbox 1135 2288 1172 2344; x_wconf 92' lang='lat' dir='ltr'><strong><em>sit</em></strong></span> <span class='ocrx_word' id='word_1_346' title='bbox 1186 2288 1376 2360; x_wconf 84' lang='lat' dir='ltr'><strong><em>similisatquo</em></strong></span> <span class='ocrx_word' id='word_1_347' title='bbox 1402 2288 1610 2365; x_wconf 61' lang='lat' dir='ltr'><strong><em>aequalisiatri</em></strong></span> <span class='ocrx_word' id='word_1_348' title='bbox 1626 2290 1732 2358; x_wconf 80' lang='lat' dir='ltr'><strong><em>Filius,</em></strong></span> <span class='ocrx_word' id='word_1_349' title='bbox 1744 2302 1842 2349; x_wconf 78' lang='lat' dir='ltr'><strong><em>tamen</em></strong></span> 
     </span>
     <span class='ocr_line' id='line_1_24' title="bbox 181 2379 1842 2456; baseline 0.002 -15"><span class='ocrx_word' id='word_1_350' title='bbox 181 2385 282 2455; x_wconf 78' lang='lat' dir='ltr'><strong><em>scripto</em></strong></span> <span class='ocrx_word' id='word_1_351' title='bbox 296 2384 457 2454; x_wconf 78' lang='lat' dir='ltr'><strong><em>inveneras,</em></strong></span> <span class='ocrx_word' id='word_1_352' title='bbox 469 2385 587 2442; x_wconf 74' lang='lat' dir='ltr'><strong><em>anseres</em></strong></span> <span class='ocrx_word' id='word_1_353' title='bbox 599 2386 633 2442; x_wconf 79' lang='lat' dir='ltr'><strong><em>sd</em></strong></span> <span class='ocrx_word' id='word_1_354' title='bbox 647 2394 752 2442; x_wconf 82' lang='lat' dir='ltr'><strong><em>nomm</em></strong></span> <span class='ocrx_word' id='word_1_355' title='bbox 767 2402 919 2456; x_wconf 79' lang='lat' dir='ltr'><strong><em>provocare</em></strong></span> <span class='ocrx_word' id='word_1_356' title='bbox 933 2402 983 2444; x_wconf 90' lang='lat' dir='ltr'><strong><em>oos</em></strong></span> <span class='ocrx_word' id='word_1_357' title='bbox 1032 2382 1104 2455; x_wconf 81' lang='lat' dir='ltr'><strong><em>qood</em></strong></span> <span class='ocrx_word' id='word_1_358' title='bbox 1116 2391 1145 2437; x_wconf 82' lang='lat' dir='ltr'><strong><em>et</em></strong></span> <span class='ocrx_word' id='word_1_359' title='bbox 1167 2379 1304 2438; x_wconf 84' lang='lat' dir='ltr'><strong><em>hominem</em></strong></span> <span class='ocrx_word' id='word_1_360' title='bbox 1320 2396 1350 2437; x_wconf 86' lang='lat' dir='ltr'><strong><em>se</em></strong></span> <span class='ocrx_word' id='word_1_361' title='bbox 1377 2391 1492 2453; x_wconf 82' lang='lat' dir='ltr'><strong><em>propter</em></strong></span> <span class='ocrx_word' id='word_1_362' title='bbox 1506 2393 1630 2439; x_wconf 82' lang='lat' dir='ltr'><strong><em>nostrum</em></strong></span> <span class='ocrx_word' id='word_1_363' title='bbox 1645 2383 1762 2440; x_wconf 84' lang='lat' dir='ltr'><strong><em>satutem</em></strong></span> <span class='ocrx_word' id='word_1_364' title='bbox 1776 2382 1842 2442; x_wconf 84' lang='lat' dir='ltr'><strong><em>fleri</em></strong></span> 
     </span>
     <span class='ocr_line' id='line_1_25' title="bbox 183 2471 1842 2549; baseline 0.002 -17"><span class='ocrx_word' id='word_1_365' title='bbox 183 2474 425 2532; x_wconf 83' lang='lat' dir='ltr'><strong><em>inhumanitatem.</em></strong></span> <span class='ocrx_word' id='word_1_366' title='bbox 452 2476 598 2549; x_wconf 81' lang='lat' dir='ltr'><strong><em>Qrtoprrodo</em></strong></span> <span class='ocrx_word' id='word_1_367' title='bbox 612 2492 680 2535; x_wconf 89' lang='lat' dir='ltr'><strong><em>rero</em></strong></span> <span class='ocrx_word' id='word_1_368' title='bbox 701 2479 781 2536; x_wconf 77' lang='lat' dir='ltr'><strong><em>hone</em></strong></span> <span class='ocrx_word' id='word_1_369' title='bbox 795 2479 853 2549; x_wconf 89' lang='lat' dir='ltr'><strong><em>spei</em></strong></span> <span class='ocrx_word' id='word_1_370' title='bbox 867 2479 916 2535; x_wconf 92' lang='lat' dir='ltr'><strong><em>liiii</em></strong></span> <span class='ocrx_word' id='word_1_371' title='bbox 929 2479 983 2535; x_wconf 91' lang='lat' dir='ltr'><strong><em>eri·</em></strong></span> <span class='ocrx_word' id='word_1_372' title='bbox 1033 2474 1163 2532; x_wconf 81' lang='lat' dir='ltr'><strong><em>voluerit.</em></strong></span> <span class='ocrx_word' id='word_1_373' title='bbox 1192 2471 1260 2530; x_wconf 84' lang='lat' dir='ltr'><strong><em>Corn</em></strong></span> <span class='ocrx_word' id='word_1_374' title='bbox 1289 2474 1381 2546; x_wconf 82' lang='lat' dir='ltr'><strong><em>itaque</em></strong></span> <span class='ocrx_word' id='word_1_375' title='bbox 1411 2484 1439 2530; x_wconf 88' lang='lat' dir='ltr'><strong><em>tn</em></strong></span> <span class='ocrx_word' id='word_1_376' title='bbox 1464 2477 1657 2533; x_wconf 77' lang='lat' dir='ltr'><strong><em>antichristum</em></strong></span> <span class='ocrx_word' id='word_1_377' title='bbox 1682 2478 1842 2547; x_wconf 86' lang='lat' dir='ltr'><strong><em>susceperis</em></strong></span> 
     </span>
     <span class='ocr_line' id='line_1_26' title="bbox 184 2566 1841 2643; baseline -0.001 -15"><span class='ocrx_word' id='word_1_378' title='bbox 184 2571 262 2628; x_wconf 84' lang='lat' dir='ltr'><strong><em>musi</em></strong></span> <span class='ocrx_word' id='word_1_379' title='bbox 276 2570 422 2639; x_wconf 82' lang='lat' dir='ltr'><strong><em>Quomodo</em></strong></span> <span class='ocrx_word' id='word_1_380' title='bbox 434 2572 527 2643; x_wconf 83' lang='lat' dir='ltr'><strong><em>justos</em></strong></span> <span class='ocrx_word' id='word_1_381' title='bbox 542 2587 593 2628; x_wconf 88' lang='lat' dir='ltr'><strong><em>nos</em></strong></span> <span class='ocrx_word' id='word_1_382' title='bbox 608 2580 636 2630; x_wconf 89' lang='lat' dir='ltr'><strong><em>et</em></strong></span> <span class='ocrx_word' id='word_1_383' title='bbox 650 2572 787 2629; x_wconf 79' lang='lat' dir='ltr'><strong><em>trumonos</em></strong></span> <span class='ocrx_word' id='word_1_384' title='bbox 810 2582 873 2630; x_wconf 83' lang='lat' dir='ltr'><strong><em>astte</em></strong></span> <span class='ocrx_word' id='word_1_385' title='bbox 899 2573 983 2630; x_wconf 88' lang='lat' dir='ltr'><strong><em>heum</em></strong></span> <span class='ocrx_word' id='word_1_386' title='bbox 1035 2567 1217 2640; x_wconf 79' lang='lat' dir='ltr'><strong><em>prochristo,</em></strong></span> <span class='ocrx_word' id='word_1_387' title='bbox 1233 2566 1296 2636; x_wconf 82' lang='lat' dir='ltr'><strong><em>uuio</em></strong></span> <span class='ocrx_word' id='word_1_388' title='bbox 1309 2582 1339 2622; x_wconf 88' lang='lat' dir='ltr'><strong><em>re</em></strong></span> <span class='ocrx_word' id='word_1_389' title='bbox 1350 2582 1415 2623; x_wconf 86' lang='lat' dir='ltr'><strong><em>vcro</em></strong></span> <span class='ocrx_word' id='word_1_390' title='bbox 1428 2566 1475 2624; x_wconf 89' lang='lat' dir='ltr'><strong><em>ille</em></strong></span> <span class='ocrx_word' id='word_1_391' title='bbox 1490 2569 1581 2640; x_wconf 74' lang='lat' dir='ltr'><strong><em>luent,</em></strong></span> <span class='ocrx_word' id='word_1_392' title='bbox 1599 2569 1704 2640; x_wconf 87' lang='lat' dir='ltr'><strong><em>puondo</em></strong></span> <span class='ocrx_word' id='word_1_393' title='bbox 1715 2585 1768 2625; x_wconf 91' lang='lat' dir='ltr'><strong><em>non</em></strong></span> <span class='ocrx_word' id='word_1_394' title='bbox 1779 2574 1841 2642; x_wconf 75' lang='lat' dir='ltr'><strong><em>[rte-</em></strong></span> 
     </span>
     <span class='ocr_line' id='line_1_27' title="bbox 185 2658 1844 2738; baseline -0.001 -18"><span class='ocrx_word' id='word_1_395' title='bbox 185 2678 283 2720; x_wconf 83' lang='lat' dir='ltr'><strong><em>serros</em></strong></span> <span class='ocrx_word' id='word_1_396' title='bbox 296 2664 368 2721; x_wconf 92' lang='lat' dir='ltr'><strong><em>illius</em></strong></span> <span class='ocrx_word' id='word_1_397' title='bbox 379 2663 592 2722; x_wconf 75' lang='lat' dir='ltr'><strong><em>exhibebimus?</em></strong></span> <span class='ocrx_word' id='word_1_398' title='bbox 604 2680 666 2722; x_wconf 88' lang='lat' dir='ltr'><strong><em>euro</em></strong></span> <span class='ocrx_word' id='word_1_399' title='bbox 678 2666 904 2738; x_wconf 84' lang='lat' dir='ltr'><strong><em>praeraricutures</em></strong></span> <span class='ocrx_word' id='word_1_400' title='bbox 916 2665 985 2734; x_wconf 76' lang='lat' dir='ltr'><strong><em>lepis</em></strong></span> <span class='ocrx_word' id='word_1_401' title='bbox 1035 2662 1081 2728; x_wconf 87' lang='lat' dir='ltr'><strong><em>rit,</em></strong></span> <span class='ocrx_word' id='word_1_402' title='bbox 1096 2661 1253 2734; x_wconf 77' lang='lat' dir='ltr'><strong><em>quofronte</em></strong></span> <span class='ocrx_word' id='word_1_403' title='bbox 1276 2658 1367 2716; x_wconf 86' lang='lat' dir='ltr'><strong><em>adltuc</em></strong></span> <span class='ocrx_word' id='word_1_404' title='bbox 1388 2674 1417 2716; x_wconf 90' lang='lat' dir='ltr'><strong><em>es</em></strong></span> <span class='ocrx_word' id='word_1_405' title='bbox 1432 2661 1567 2718; x_wconf 87' lang='lat' dir='ltr'><strong><em>resistens</em></strong></span> <span class='ocrx_word' id='word_1_406' title='bbox 1587 2661 1765 2717; x_wconf 74' lang='lat' dir='ltr'><strong><em>christianis?</em></strong></span> <span class='ocrx_word' id='word_1_407' title='bbox 1785 2662 1844 2718; x_wconf 86' lang='lat' dir='ltr'><strong><em>nisi</em></strong></span> 
     </span>
     <span class='ocr_line' id='line_1_28' title="bbox 185 2753 1844 2833; baseline 0.001 -17"><span class='ocrx_word' id='word_1_408' title='bbox 185 2772 275 2828; x_wconf 77' lang='lat' dir='ltr'><strong><em>neque</em></strong></span> <span class='ocrx_word' id='word_1_409' title='bbox 288 2756 354 2829; x_wconf 82' lang='lat' dir='ltr'><strong><em>justi</em></strong></span> <span class='ocrx_word' id='word_1_410' title='bbox 367 2775 457 2831; x_wconf 80' lang='lat' dir='ltr'><strong><em>neque</em></strong></span> <span class='ocrx_word' id='word_1_411' title='bbox 470 2761 517 2817; x_wconf 91' lang='lat' dir='ltr'><strong><em>hhi</em></strong></span> <span class='ocrx_word' id='word_1_412' title='bbox 527 2760 576 2817; x_wconf 87' lang='lat' dir='ltr'><strong><em>hei</em></strong></span> <span class='ocrx_word' id='word_1_413' title='bbox 588 2761 727 2817; x_wconf 85' lang='lat' dir='ltr'><strong><em>dicunhn.</em></strong></span> <span class='ocrx_word' id='word_1_414' title='bbox 740 2761 881 2833; x_wconf 76' lang='lat' dir='ltr'><strong><em>Copttosec</em></strong></span> <span class='ocrx_word' id='word_1_415' title='bbox 894 2762 985 2833; x_wconf 84' lang='lat' dir='ltr'><strong><em>ituquo</em></strong></span> <span class='ocrx_word' id='word_1_416' title='bbox 1036 2753 1104 2819; x_wconf 62' lang='lat' dir='ltr'><strong><em>illd.</em></strong></span> <span class='ocrx_word' id='word_1_417' title='bbox 1125 2768 1180 2826; x_wconf 71' lang='lat' dir='ltr'><strong><em>(illi</em></strong></span> <span class='ocrx_word' id='word_1_418' title='bbox 1203 2754 1294 2809; x_wconf 63' lang='lat' dir='ltr'>⁸0¹0!st</span> <span class='ocrx_word' id='word_1_419' title='bbox 1309 2762 1337 2810; x_wconf 72' lang='lat' dir='ltr'><strong><em>el</em></strong></span> <span class='ocrx_word' id='word_1_420' title='bbox 1362 2753 1495 2811; x_wconf 68' lang='lat' dir='ltr'><strong><em>adullelae</em></strong></span> <span class='ocrx_word' id='word_1_421' title='bbox 1510 2754 1633 2824; x_wconf 63' lang='lat' dir='ltr'><strong><em>indidi?</em></strong></span> <span class='ocrx_word' id='word_1_422' title='bbox 1655 2756 1747 2810; x_wconf 69' lang='lat' dir='ltr'><strong><em>husus</em></strong></span> <span class='ocrx_word' id='word_1_423' title='bbox 1761 2753 1844 2812; x_wconf 70' lang='lat' dir='ltr'><strong><em>luisti</em></strong></span> 
     </span>
     <span class='ocr_line' id='line_1_29' title="bbox 185 2848 1844 2924; baseline -0.003 -16"><span class='ocrx_word' id='word_1_424' title='bbox 185 2851 288 2923; x_wconf 80' lang='lat' dir='ltr'><strong><em>squali</em></strong></span> <span class='ocrx_word' id='word_1_425' title='bbox 304 2865 354 2907; x_wconf 87' lang='lat' dir='ltr'><strong><em>uos</em></strong></span> <span class='ocrx_word' id='word_1_426' title='bbox 367 2853 442 2909; x_wconf 87' lang='lat' dir='ltr'><strong><em>hono</em></strong></span> <span class='ocrx_word' id='word_1_427' title='bbox 456 2853 578 2911; x_wconf 83' lang='lat' dir='ltr'><strong><em>uolueris</em></strong></span> <span class='ocrx_word' id='word_1_428' title='bbox 598 2855 760 2924; x_wconf 75' lang='lat' dir='ltr'><strong><em>pertrahere</em></strong></span> <span class='ocrx_word' id='word_1_429' title='bbox 770 2855 803 2911; x_wconf 86' lang='lat' dir='ltr'><strong><em>sd</em></strong></span> <span class='ocrx_word' id='word_1_430' title='bbox 816 2864 946 2922; x_wconf 89' lang='lat' dir='ltr'><strong><em>mortem,</em></strong></span> <span class='ocrx_word' id='word_1_431' title='bbox 960 2863 987 2911; x_wconf 90' lang='lat' dir='ltr'><strong><em>et</em></strong></span> <span class='ocrx_word' id='word_1_432' title='bbox 1038 2859 1162 2920; x_wconf 85' lang='lat' dir='ltr'><strong><em>tentare,</em></strong></span> <span class='ocrx_word' id='word_1_433' title='bbox 1178 2850 1314 2906; x_wconf 78' lang='lat' dir='ltr'><strong><em>dominari</em></strong></span> <span class='ocrx_word' id='word_1_434' title='bbox 1331 2850 1402 2906; x_wconf 86' lang='lat' dir='ltr'><strong><em>teile</em></strong></span> <span class='ocrx_word' id='word_1_435' title='bbox 1417 2850 1464 2906; x_wconf 84' lang='lat' dir='ltr'><strong><em>hei</em></strong></span> <span class='ocrx_word' id='word_1_436' title='bbox 1481 2848 1597 2920; x_wconf 89' lang='lat' dir='ltr'><strong><em>populo,</em></strong></span> <span class='ocrx_word' id='word_1_437' title='bbox 1613 2848 1753 2916; x_wconf 81' lang='lat' dir='ltr'><strong><em>subjicere</em></strong></span> <span class='ocrx_word' id='word_1_438' title='bbox 1768 2848 1844 2904; x_wconf 85' lang='lat' dir='ltr'><strong><em>teile</em></strong></span> 
     </span>
     <span class='ocr_line' id='line_1_30' title="bbox 185 2940 1844 3022; baseline -0.002 -22"><span class='ocrx_word' id='word_1_439' title='bbox 185 2944 295 3019; x_wconf 84' lang='lat' dir='ltr'><strong><em>quidem</em></strong></span> <span class='ocrx_word' id='word_1_440' title='bbox 316 2947 524 3017; x_wconf 86' lang='lat' dir='ltr'><strong><em>sempiternum.</em></strong></span> <span class='ocrx_word' id='word_1_441' title='bbox 542 2946 686 3019; x_wconf 87' lang='lat' dir='ltr'><strong><em>Siquidem</em></strong></span> <span class='ocrx_word' id='word_1_442' title='bbox 713 2950 806 3007; x_wconf 90' lang='lat' dir='ltr'><strong><em>omnis</em></strong></span> <span class='ocrx_word' id='word_1_443' title='bbox 819 2949 866 3022; x_wconf 84' lang='lat' dir='ltr'><strong><em>qui</em></strong></span> <span class='ocrx_word' id='word_1_444' title='bbox 885 2949 988 3006; x_wconf 87' lang='lat' dir='ltr'><strong><em>desinit</em></strong></span> <span class='ocrx_word' id='word_1_445' title='bbox 1023 2946 1184 3004; x_wconf 73' lang='lat' dir='ltr'><strong><em>ecetesiam</em></strong></span> <span class='ocrx_word' id='word_1_446' title='bbox 1201 2946 1248 3003; x_wconf 86' lang='lat' dir='ltr'><strong><em>hei</em></strong></span> <span class='ocrx_word' id='word_1_447' title='bbox 1264 2953 1308 3002; x_wconf 86' lang='lat' dir='ltr'><strong><em>tuo</em></strong></span> <span class='ocrx_word' id='word_1_448' title='bbox 1321 2960 1418 3015; x_wconf 79' lang='lat' dir='ltr'><strong><em>regno,</em></strong></span> <span class='ocrx_word' id='word_1_449' title='bbox 1433 2942 1553 2999; x_wconf 81' lang='lat' dir='ltr'><strong><em>divinam</em></strong></span> <span class='ocrx_word' id='word_1_450' title='bbox 1574 2943 1751 3014; x_wconf 81' lang='lat' dir='ltr'><strong><em>ntajeststem</em></strong></span> <span class='ocrx_word' id='word_1_451' title='bbox 1766 2940 1844 2999; x_wconf 90' lang='lat' dir='ltr'><strong><em>iliius</em></strong></span> 
     </span>
     <span class='ocr_line' id='line_1_31' title="bbox 184 3033 1845 3114; baseline -0.004 -18"><span class='ocrx_word' id='word_1_452' title='bbox 184 3053 247 3096; x_wconf 89' lang='lat' dir='ltr'><strong><em>esse</em></strong></span> <span class='ocrx_word' id='word_1_453' title='bbox 258 3040 329 3095; x_wconf 90' lang='lat' dir='ltr'><strong><em>iuter</em></strong></span> <span class='ocrx_word' id='word_1_454' title='bbox 344 3054 404 3107; x_wconf 91' lang='lat' dir='ltr'><strong><em>eos,</em></strong></span> <span class='ocrx_word' id='word_1_455' title='bbox 418 3055 487 3111; x_wconf 79' lang='lat' dir='ltr'><strong><em>quos</em></strong></span> <span class='ocrx_word' id='word_1_456' title='bbox 504 3040 531 3097; x_wconf 93' lang='lat' dir='ltr'><strong><em>in</em></strong></span> <span class='ocrx_word' id='word_1_457' title='bbox 546 3040 665 3098; x_wconf 90' lang='lat' dir='ltr'><strong><em>liliorum</em></strong></span> <span class='ocrx_word' id='word_1_458' title='bbox 680 3045 856 3114; x_wconf 78' lang='lat' dir='ltr'><strong><em>adoptionem</em></strong></span> <span class='ocrx_word' id='word_1_459' title='bbox 870 3058 987 3101; x_wconf 82' lang='lat' dir='ltr'><strong><em>nocane.</em></strong></span> <span class='ocrx_word' id='word_1_460' title='bbox 1040 3048 1145 3096; x_wconf 83' lang='lat' dir='ltr'><strong><em>tuntum</em></strong></span> <span class='ocrx_word' id='word_1_461' title='bbox 1160 3048 1326 3096; x_wconf 90' lang='lat' dir='ltr'><strong><em>metuentem</em></strong></span> <span class='ocrx_word' id='word_1_462' title='bbox 1340 3046 1388 3093; x_wconf 86' lang='lat' dir='ltr'><strong><em>tuo</em></strong></span> <span class='ocrx_word' id='word_1_463' title='bbox 1413 3037 1484 3092; x_wconf 89' lang='lat' dir='ltr'><strong><em>iutili</em></strong></span> <span class='ocrx_word' id='word_1_464' title='bbox 1499 3034 1635 3106; x_wconf 91' lang='lat' dir='ltr'><strong><em>imperio:</em></strong></span> <span class='ocrx_word' id='word_1_465' title='bbox 1659 3043 1687 3091; x_wconf 91' lang='grc' dir='ltr'><strong><em>ει</em></strong></span> <span class='ocrx_word' id='word_1_466' title='bbox 1711 3033 1766 3090; x_wconf 88' lang='lat' dir='ltr'><strong><em>hoc</em></strong></span> <span class='ocrx_word' id='word_1_467' title='bbox 1779 3034 1845 3105; x_wconf 81' lang='lat' dir='ltr'><strong><em>oui·</em></strong></span> 
     </span>
     <span class='ocr_line' id='line_1_32' title="bbox 181 3115 1844 3219; baseline -0.004 -30"><span class='ocrx_word' id='word_1_468' title='bbox 181 3131 223 3189; x_wconf 82' lang='lat' dir='ltr'><strong><em>&#39;rit</em></strong></span> <span class='ocrx_word' id='word_1_469' title='bbox 237 3132 324 3201; x_wconf 82' lang='lat' dir='ltr'><strong><em>heus,</em></strong></span> <span class='ocrx_word' id='word_1_470' title='bbox 343 3133 381 3189; x_wconf 89' lang='lat' dir='ltr'><strong><em>sit</em></strong></span> <span class='ocrx_word' id='word_1_471' title='bbox 397 3135 527 3190; x_wconf 82' lang='lat' dir='ltr'><strong><em>omittens</em></strong></span> <span class='ocrx_word' id='word_1_472' title='bbox 541 3136 641 3204; x_wconf 83' lang='lat' dir='ltr'><strong><em>vitam,</em></strong></span> <span class='ocrx_word' id='word_1_473' title='bbox 655 3135 691 3191; x_wconf 91' lang='lat' dir='ltr'><strong><em>sit</em></strong></span> <span class='ocrx_word' id='word_1_474' title='bbox 712 3146 870 3208; x_wconf 85' lang='lat' dir='ltr'><strong><em>perpetuam</em></strong></span> <span class='ocrx_word' id='word_1_475' title='bbox 897 3138 986 3207; x_wconf 85' lang='lat' dir='ltr'><strong><em>possi·</em></strong></span> <span class='ocrx_word' id='word_1_476' title='bbox 1000 3115 1102 3219; x_wconf 25' lang='lat' dir='ltr'><strong><em>Cldem</em></strong></span> <span class='ocrx_word' id='word_1_477' title='bbox 1114 3133 1203 3190; x_wconf 87' lang='lat' dir='ltr'><strong><em>iecisti</em></strong></span> <span class='ocrx_word' id='word_1_478' title='bbox 1216 3173 1225 3201; x_wconf 95' lang='lat'><strong><em>,</em></strong></span> <span class='ocrx_word' id='word_1_479' title='bbox 1238 3132 1302 3204; x_wconf 81' lang='lat' dir='ltr'><strong><em>ostia</em></strong></span> <span class='ocrx_word' id='word_1_480' title='bbox 1317 3130 1445 3187; x_wconf 85' lang='lat' dir='ltr'><strong><em>nesciens</em></strong></span> <span class='ocrx_word' id='word_1_481' title='bbox 1458 3130 1496 3185; x_wconf 86' lang='lat' dir='ltr'><strong><em>sis</em></strong></span> <span class='ocrx_word' id='word_1_482' title='bbox 1510 3129 1642 3196; x_wconf 87' lang='lat' dir='ltr'><strong><em>scriptum</em></strong></span> <span class='ocrx_word' id='word_1_483' title='bbox 1665 3142 1730 3183; x_wconf 87' lang='lat' dir='ltr'><strong><em>esse</em></strong></span> <span class='ocrx_word' id='word_1_484' title='bbox 1744 3126 1781 3184; x_wconf 91' lang='lat' dir='ltr'><strong><em>de</em></strong></span> <span class='ocrx_word' id='word_1_485' title='bbox 1793 3141 1844 3183; x_wconf 84' lang='lat' dir='ltr'><strong><em>uo·</em></strong></span> 
     </span>
     <span class='ocr_line' id='line_1_33' title="bbox 186 3220 1843 3300; baseline -0.002 -21"><span class='ocrx_word' id='word_1_486' title='bbox 186 3221 256 3280; x_wconf 87' lang='lat' dir='ltr'><strong><em>deos</em></strong></span> <span class='ocrx_word' id='word_1_487' title='bbox 270 3232 400 3280; x_wconf 89' lang='lat' dir='ltr'><strong><em>rnurtem.</em></strong></span> <span class='ocrx_word' id='word_1_488' title='bbox 428 3224 497 3281; x_wconf 85' lang='lat' dir='ltr'><strong><em>Cum</em></strong></span> <span class='ocrx_word' id='word_1_489' title='bbox 513 3226 596 3296; x_wconf 71' lang='lat' dir='ltr'><strong><em>igitur</em></strong></span> <span class='ocrx_word' id='word_1_490' title='bbox 620 3227 682 3283; x_wconf 91' lang='lat' dir='ltr'><strong><em>sitis</em></strong></span> <span class='ocrx_word' id='word_1_491' title='bbox 697 3227 792 3282; x_wconf 77' lang='lat' dir='ltr'><strong><em>Arichi</em></strong></span> <span class='ocrx_word' id='word_1_492' title='bbox 819 3226 961 3284; x_wconf 86' lang='lat' dir='ltr'><strong><em>inhumani</em></strong></span> <span class='ocrx_word' id='word_1_493' title='bbox 977 3269 985 3295; x_wconf 94' lang='lat'><strong><em>,</em></strong></span> <span class='ocrx_word' id='word_1_494' title='bbox 1037 3229 1080 3286; x_wconf 91' lang='lat' dir='ltr'><strong><em>his</em></strong></span> <span class='ocrx_word' id='word_1_495' title='bbox 1095 3227 1234 3300; x_wconf 80' lang='lat' dir='ltr'><strong><em>tyrannis:</em></strong></span> <span class='ocrx_word' id='word_1_496' title='bbox 1258 3222 1370 3297; x_wconf 87' lang='lat' dir='ltr'><strong><em>Propter</em></strong></span> <span class='ocrx_word' id='word_1_497' title='bbox 1381 3224 1430 3278; x_wconf 86' lang='lat' dir='ltr'><strong><em>hoc</em></strong></span> <span class='ocrx_word' id='word_1_498' title='bbox 1442 3221 1647 3292; x_wconf 81' lang='lat' dir='ltr'><strong><em>indisciplinate</em></strong></span> <span class='ocrx_word' id='word_1_499' title='bbox 1659 3220 1754 3276; x_wconf 85' lang='lat' dir='ltr'><strong><em>onimtc</em></strong></span> <span class='ocrx_word' id='word_1_500' title='bbox 1767 3236 1843 3276; x_wconf 87' lang='lat' dir='ltr'><strong><em>erro·</em></strong></span> 
     </span>
     <span class='ocr_line' id='line_1_34' title="bbox 186 3312 1836 3391; baseline -0.007 -17"><span class='ocrx_word' id='word_1_501' title='bbox 186 3316 275 3388; x_wconf 90' lang='lat' dir='ltr'><strong><em>lmpii,</em></strong></span> <span class='ocrx_word' id='word_1_502' title='bbox 295 3317 431 3386; x_wconf 84' lang='lat' dir='ltr'><strong><em>crudeles,</em></strong></span> <span class='ocrx_word' id='word_1_503' title='bbox 448 3318 601 3389; x_wconf 75' lang='lat' dir='ltr'><strong><em>hunnis-idue,</em></strong></span> <span class='ocrx_word' id='word_1_504' title='bbox 618 3320 823 3391; x_wconf 85' lang='lat' dir='ltr'><strong><em>quontododiei</em></strong></span> <span class='ocrx_word' id='word_1_505' title='bbox 844 3321 987 3378; x_wconf 74' lang='lat' dir='ltr'><strong><em>christiani</em></strong></span> <span class='ocrx_word' id='word_1_506' title='bbox 1037 3329 1145 3375; x_wconf 87' lang='lat' dir='ltr'><strong><em>uerunt:</em></strong></span> <span class='ocrx_word' id='word_1_507' title='bbox 1156 3318 1219 3372; x_wconf 92' lang='lat' dir='ltr'><strong><em>dum</em></strong></span> <span class='ocrx_word' id='word_1_508' title='bbox 1229 3316 1296 3371; x_wconf 89' lang='lat' dir='ltr'><strong><em>enim</em></strong></span> <span class='ocrx_word' id='word_1_509' title='bbox 1314 3330 1466 3387; x_wconf 80' lang='lat' dir='ltr'><strong><em>persuasum</em></strong></span> <span class='ocrx_word' id='word_1_510' title='bbox 1487 3312 1582 3367; x_wconf 80' lang='lat' dir='ltr'><strong><em>rotem</em></strong></span> <span class='ocrx_word' id='word_1_511' title='bbox 1596 3312 1682 3384; x_wconf 80' lang='lat' dir='ltr'><strong><em>iniqui</em></strong></span> <span class='ocrx_word' id='word_1_512' title='bbox 1702 3327 1778 3384; x_wconf 78' lang='lat' dir='ltr'><strong><em>posse</em></strong></span> <span class='ocrx_word' id='word_1_513' title='bbox 1789 3313 1836 3367; x_wconf 87' lang='lat' dir='ltr'><strong><em>sel</em></strong></span> 
     </span>
     <span class='ocr_line' id='line_1_35' title="bbox 188 3406 1842 3485; baseline -0.001 -22"><span class='ocrx_word' id='word_1_514' title='bbox 188 3410 336 3480; x_wconf 78' lang='lat' dir='ltr'><strong><em>poteritis?</em></strong></span> <span class='ocrx_word' id='word_1_515' title='bbox 351 3409 515 3468; x_wconf 80' lang='lat' dir='ltr'><strong><em>sodoleum</em></strong></span> <span class='ocrx_word' id='word_1_516' title='bbox 532 3414 637 3485; x_wconf 72' lang='lat' dir='ltr'><strong><em>negetis</em></strong></span> <span class='ocrx_word' id='word_1_517' title='bbox 655 3413 793 3470; x_wconf 81' lang='lat' dir='ltr'><strong><em>Christum</em></strong></span> <span class='ocrx_word' id='word_1_518' title='bbox 810 3415 920 3471; x_wconf 84' lang='lat' dir='ltr'><strong><em>unicum</em></strong></span> <span class='ocrx_word' id='word_1_519' title='bbox 942 3415 990 3471; x_wconf 77' lang='lat' dir='ltr'><strong><em>hei</em></strong></span> <span class='ocrx_word' id='word_1_520' title='bbox 1037 3413 1168 3470; x_wconf 82' lang='lat' dir='ltr'><strong><em>dominari</em></strong></span> <span class='ocrx_word' id='word_1_521' title='bbox 1182 3411 1282 3467; x_wconf 90' lang='lat' dir='ltr'><strong><em>notioni</em></strong></span> <span class='ocrx_word' id='word_1_522' title='bbox 1294 3421 1455 3476; x_wconf 82' lang='lat' dir='ltr'><strong><em>cunctorum,</em></strong></span> <span class='ocrx_word' id='word_1_523' title='bbox 1468 3408 1548 3462; x_wconf 88' lang='lat' dir='ltr'><strong><em>uincti</em></strong></span> <span class='ocrx_word' id='word_1_524' title='bbox 1557 3406 1720 3462; x_wconf 79' lang='lat' dir='ltr'><strong><em>tenebrarum</em></strong></span> <span class='ocrx_word' id='word_1_525' title='bbox 1731 3406 1842 3474; x_wconf 74' lang='lat' dir='ltr'><strong><em>emenii,</em></strong></span> 
     </span>
     <span class='ocr_line' id='line_1_36' title="bbox 188 3500 1843 3580; baseline -0.003 -22"><span class='ocrx_word' id='word_1_526' title='bbox 188 3500 299 3568; x_wconf 78' lang='lat' dir='ltr'><strong><em>Filium,</em></strong></span> <span class='ocrx_word' id='word_1_527' title='bbox 314 3511 343 3559; x_wconf 92' lang='lat' dir='ltr'><strong><em>et</em></strong></span> <span class='ocrx_word' id='word_1_528' title='bbox 354 3503 544 3561; x_wconf 82' lang='lat' dir='ltr'><strong><em>cotnlltcomini</em></strong></span> <span class='ocrx_word' id='word_1_529' title='bbox 560 3505 712 3562; x_wconf 76' lang='lat' dir='ltr'><strong><em>credidisse</em></strong></span> <span class='ocrx_word' id='word_1_530' title='bbox 734 3522 783 3562; x_wconf 89' lang='lat' dir='ltr'><strong><em>nos</em></strong></span> <span class='ocrx_word' id='word_1_531' title='bbox 796 3507 823 3563; x_wconf 92' lang='lat' dir='ltr'><strong><em>in</em></strong></span> <span class='ocrx_word' id='word_1_532' title='bbox 841 3506 990 3564; x_wconf 82' lang='lat' dir='ltr'><strong><em>entichris·</em></strong></span> <span class='ocrx_word' id='word_1_533' title='bbox 1039 3517 1064 3563; x_wconf 88' lang='lat' dir='ltr'><strong><em>et</em></strong></span> <span class='ocrx_word' id='word_1_534' title='bbox 1074 3508 1154 3580; x_wconf 78' lang='lat' dir='ltr'><strong><em>lonpo</em></strong></span> <span class='ocrx_word' id='word_1_535' title='bbox 1174 3515 1248 3560; x_wconf 87' lang='lat' dir='ltr'><strong><em>nocte</em></strong></span> <span class='ocrx_word' id='word_1_536' title='bbox 1263 3503 1403 3571; x_wconf 88' lang='lat' dir='ltr'><strong><em>compediti</em></strong></span> <span class='ocrx_word' id='word_1_537' title='bbox 1418 3544 1426 3569; x_wconf 93' lang='lat'><strong><em>,</em></strong></span> <span class='ocrx_word' id='word_1_538' title='bbox 1452 3501 1547 3557; x_wconf 89' lang='lat' dir='ltr'><strong><em>inclusi</em></strong></span> <span class='ocrx_word' id='word_1_539' title='bbox 1561 3501 1608 3556; x_wconf 86' lang='lat' dir='ltr'><strong><em>sul</em></strong></span> <span class='ocrx_word' id='word_1_540' title='bbox 1623 3501 1717 3568; x_wconf 86' lang='lat' dir='ltr'><strong><em>tectis,</em></strong></span> <span class='ocrx_word' id='word_1_541' title='bbox 1738 3500 1843 3572; x_wconf 72' lang='lat' dir='ltr'><strong><em>[spiriti</em></strong></span> 
     </span>
     <span class='ocr_line' id='line_1_37' title="bbox 99 3589 1843 3672; baseline -0.004 -19"><span class='ocrx_word' id='word_1_542' title='bbox 99 3669 102 3671; x_wconf 64' lang='lat'>‚</span> <span class='ocrx_word' id='word_1_543' title='bbox 189 3602 244 3652; x_wconf 91' lang='lat' dir='ltr'><strong><em>tutn</em></strong></span> <span class='ocrx_word' id='word_1_544' title='bbox 258 3636 267 3662; x_wconf 89' lang='lat'><strong><em>,</em></strong></span> <span class='ocrx_word' id='word_1_545' title='bbox 282 3595 356 3653; x_wconf 78' lang='lat' dir='ltr'><strong><em>uncle</em></strong></span> <span class='ocrx_word' id='word_1_546' title='bbox 377 3606 424 3652; x_wconf 87' lang='lat' dir='ltr'><strong><em>unt</em></strong></span> <span class='ocrx_word' id='word_1_547' title='bbox 438 3597 577 3668; x_wconf 86' lang='lat' dir='ltr'><strong><em>quomodo</em></strong></span> <span class='ocrx_word' id='word_1_548' title='bbox 592 3613 642 3655; x_wconf 85' lang='lat' dir='ltr'><strong><em>ros</em></strong></span> <span class='ocrx_word' id='word_1_549' title='bbox 664 3599 790 3669; x_wconf 85' lang='lat' dir='ltr'><strong><em>poteritis</em></strong></span> <span class='ocrx_word' id='word_1_550' title='bbox 803 3599 905 3657; x_wconf 86' lang='lat' dir='ltr'><strong><em>Christi</em></strong></span> <span class='ocrx_word' id='word_1_551' title='bbox 921 3615 985 3672; x_wconf 90' lang='lat' dir='ltr'><strong><em>pro·</em></strong></span> <span class='ocrx_word' id='word_1_552' title='bbox 1041 3598 1120 3672; x_wconf 82' lang='lat' dir='ltr'><strong><em>(Sap.</em></strong></span> <span class='ocrx_word' id='word_1_553' title='bbox 1131 3611 1199 3664; x_wconf 83' lang='lat' dir='ltr'><strong><em>xum,</em></strong></span> <span class='ocrx_word' id='word_1_554' title='bbox 1214 3593 1253 3668; x_wconf 81' lang='lat' dir='ltr'><strong><em>i).</em></strong></span> <span class='ocrx_word' id='word_1_555' title='bbox 1269 3593 1416 3664; x_wconf 80' lang='lat' dir='ltr'><strong><em>conspicis</em></strong></span> <span class='ocrx_word' id='word_1_556' title='bbox 1424 3593 1479 3663; x_wconf 79' lang='lat' dir='ltr'><strong><em>iarn</em></strong></span> <span class='ocrx_word' id='word_1_557' title='bbox 1495 3604 1522 3649; x_wconf 88' lang='lat' dir='ltr'><strong><em>te</em></strong></span> <span class='ocrx_word' id='word_1_558' title='bbox 1540 3607 1603 3648; x_wconf 89' lang='lat' dir='ltr'><strong><em>esso</em></strong></span> <span class='ocrx_word' id='word_1_559' title='bbox 1620 3589 1693 3647; x_wconf 88' lang='lat' dir='ltr'><strong><em>inter</em></strong></span> <span class='ocrx_word' id='word_1_560' title='bbox 1714 3589 1778 3648; x_wconf 88' lang='lat' dir='ltr'><strong><em>ilios</em></strong></span> <span class='ocrx_word' id='word_1_561' title='bbox 1792 3590 1843 3648; x_wconf 78' lang='lat' dir='ltr'><strong><em>liei</em></strong></span> 
     </span>
     <span class='ocr_line' id='line_1_38' title="bbox 187 3681 1844 3764; baseline -0.006 -18"><span class='ocrx_word' id='word_1_562' title='bbox 187 3689 258 3746; x_wconf 86' lang='lat' dir='ltr'><strong><em>iture</em></strong></span> <span class='ocrx_word' id='word_1_563' title='bbox 276 3705 372 3746; x_wconf 82' lang='lat' dir='ltr'><strong><em>servos</em></strong></span> <span class='ocrx_word' id='word_1_564' title='bbox 388 3733 396 3759; x_wconf 90' lang='lat'>‚</span> <span class='ocrx_word' id='word_1_565' title='bbox 417 3704 480 3747; x_wconf 87' lang='lat' dir='ltr'><strong><em>cusu</em></strong></span> <span class='ocrx_word' id='word_1_566' title='bbox 508 3693 748 3750; x_wconf 86' lang='lat' dir='ltr'><strong><em>munilesturetis·</em></strong></span> <span class='ocrx_word' id='word_1_567' title='bbox 766 3703 875 3751; x_wconf 83' lang='lat' dir='ltr'><strong><em>vosmet</em></strong></span> <span class='ocrx_word' id='word_1_568' title='bbox 897 3708 987 3752; x_wconf 86' lang='lat' dir='ltr'><strong><em>uestra</em></strong></span> <span class='ocrx_word' id='word_1_569' title='bbox 1040 3689 1135 3764; x_wconf 90' lang='lat' dir='ltr'><strong><em>populi</em></strong></span> <span class='ocrx_word' id='word_1_570' title='bbox 1148 3697 1353 3761; x_wconf 83' lang='lat' dir='ltr'><strong><em>persecutores.</em></strong></span> <span class='ocrx_word' id='word_1_571' title='bbox 1364 3685 1400 3743; x_wconf 90' lang='lat' dir='ltr'><strong><em>de</em></strong></span> <span class='ocrx_word' id='word_1_572' title='bbox 1414 3684 1514 3757; x_wconf 84' lang='lat' dir='ltr'><strong><em>quihus</em></strong></span> <span class='ocrx_word' id='word_1_573' title='bbox 1529 3684 1630 3756; x_wconf 78' lang='lat' dir='ltr'><strong><em>lepisti,</em></strong></span> <span class='ocrx_word' id='word_1_574' title='bbox 1646 3681 1721 3753; x_wconf 77' lang='lat' dir='ltr'><strong><em>quood</em></strong></span> <span class='ocrx_word' id='word_1_575' title='bbox 1735 3698 1788 3736; x_wconf 88' lang='lat' dir='ltr'><strong><em>unu</em></strong></span> <span class='ocrx_word' id='word_1_576' title='bbox 1799 3699 1844 3736; x_wconf 82' lang='lat' dir='ltr'><strong><em>co-</em></strong></span> 
     </span>
     <span class='ocr_line' id='line_1_39' title="bbox 186 3775 1844 3853; baseline -0.004 -15"><span class='ocrx_word' id='word_1_577' title='bbox 186 3781 360 3853; x_wconf 75' lang='lat' dir='ltr'><strong><em>professione</em></strong></span> <span class='ocrx_word' id='word_1_578' title='bbox 378 3798 440 3841; x_wconf 89' lang='lat' dir='ltr'><strong><em>esse</em></strong></span> <span class='ocrx_word' id='word_1_579' title='bbox 460 3783 578 3841; x_wconf 78' lang='lat' dir='ltr'><strong><em>damulus</em></strong></span> <span class='ocrx_word' id='word_1_580' title='bbox 604 3786 779 3842; x_wconf 77' lang='lat' dir='ltr'><strong><em>antichristi?</em></strong></span> <span class='ocrx_word' id='word_1_581' title='bbox 802 3787 988 3844; x_wconf 81' lang='lat' dir='ltr'><strong><em>Antichristus</em></strong></span> <span class='ocrx_word' id='word_1_582' title='bbox 1041 3794 1099 3841; x_wconf 85' lang='lat' dir='ltr'><strong><em>tenu</em></strong></span> <span class='ocrx_word' id='word_1_583' title='bbox 1115 3783 1279 3838; x_wconf 87' lang='lat' dir='ltr'><strong><em>tenelrormn</em></strong></span> <span class='ocrx_word' id='word_1_584' title='bbox 1300 3778 1386 3837; x_wconf 74' lang='lat' dir='ltr'><strong><em>snm¹¹</em></strong></span> <span class='ocrx_word' id='word_1_585' title='bbox 1411 3794 1500 3834; x_wconf 87' lang='lat' dir='ltr'><strong><em>omncs</em></strong></span> <span class='ocrx_word' id='word_1_586' title='bbox 1522 3777 1638 3850; x_wconf 85' lang='lat' dir='ltr'><strong><em>collipoti</em></strong></span> <span class='ocrx_word' id='word_1_587' title='bbox 1653 3775 1707 3849; x_wconf 87' lang='lat' dir='ltr'><strong><em>(ll.</em></strong></span> <span class='ocrx_word' id='word_1_588' title='bbox 1725 3775 1784 3848; x_wconf 81' lang='lat' dir='ltr'><strong><em>ii).</em></strong></span> <span class='ocrx_word' id='word_1_589' title='bbox 1809 3775 1844 3831; x_wconf 82' lang='lat' dir='ltr'><strong><em>Et</em></strong></span> 
     </span>
     <span class='ocr_line' id='line_1_40' title="bbox 190 3868 1843 3951; baseline -0.005 -21"><span class='ocrx_word' id='word_1_590' title='bbox 190 3873 303 3944; x_wconf 81' lang='lat' dir='ltr'><strong><em>etenim,</em></strong></span> <span class='ocrx_word' id='word_1_591' title='bbox 318 3875 346 3933; x_wconf 90' lang='lat' dir='ltr'><strong><em>in</em></strong></span> <span class='ocrx_word' id='word_1_592' title='bbox 361 3890 443 3950; x_wconf 85' lang='lat' dir='ltr'><strong><em>quem</em></strong></span> <span class='ocrx_word' id='word_1_593' title='bbox 466 3878 549 3936; x_wconf 81' lang='lat' dir='ltr'><strong><em>Arius</em></strong></span> <span class='ocrx_word' id='word_1_594' title='bbox 566 3878 738 3946; x_wconf 89' lang='lat' dir='ltr'><strong><em>crediderit,</em></strong></span> <span class='ocrx_word' id='word_1_595' title='bbox 760 3894 791 3935; x_wconf 92' lang='lat' dir='ltr'><strong><em>re</em></strong></span> <span class='ocrx_word' id='word_1_596' title='bbox 806 3894 871 3936; x_wconf 82' lang='lat' dir='ltr'><strong><em>vera</em></strong></span> <span class='ocrx_word' id='word_1_597' title='bbox 886 3878 897 3917; x_wconf 74' lang='lat'><strong><em>¹</em></strong></span> <span class='ocrx_word' id='word_1_598' title='bbox 915 3881 989 3951; x_wconf 78' lang='lat' dir='ltr'><strong><em>luit,</em></strong></span> <span class='ocrx_word' id='word_1_599' title='bbox 1041 3876 1158 3934; x_wconf 87' lang='lat' dir='ltr'><strong><em>iterum:</em></strong></span> <span class='ocrx_word' id='word_1_600' title='bbox 1175 3874 1254 3946; x_wconf 80' lang='lat' dir='ltr'><strong><em>llipni</em></strong></span> <span class='ocrx_word' id='word_1_601' title='bbox 1267 3873 1370 3944; x_wconf 78' lang='lat' dir='ltr'><strong><em>quidem</em></strong></span> <span class='ocrx_word' id='word_1_602' title='bbox 1391 3871 1432 3926; x_wconf 90' lang='lat' dir='ltr'><strong><em>illi</em></strong></span> <span class='ocrx_word' id='word_1_603' title='bbox 1448 3868 1456 3907; x_wconf 85' lang='lat'>¹</span> <span class='ocrx_word' id='word_1_604' title='bbox 1473 3885 1562 3926; x_wconf 86' lang='lat' dir='ltr'><strong><em>curere</em></strong></span> <span class='ocrx_word' id='word_1_605' title='bbox 1581 3869 1668 3924; x_wconf 83' lang='lat' dir='ltr'><strong><em>lsnten</em></strong></span> <span class='ocrx_word' id='word_1_606' title='bbox 1679 3879 1704 3923; x_wconf 92' lang='lat' dir='ltr'><strong><em>ct</em></strong></span> <span class='ocrx_word' id='word_1_607' title='bbox 1719 3868 1843 3940; x_wconf 85' lang='lat' dir='ltr'><strong><em>policor-</em></strong></span> 
     </span>
    </p>
   </div>
   <div class='ocr_carea' id='block_1_3' title="bbox 113 4116 1846 5838">
    <p class='ocr_par' dir='ltr' id='par_1_3' title="bbox 191 4116 1844 4421">
     <span class='ocr_line' id='line_1_41' title="bbox 225 4116 1843 4195; baseline 0.002 -18"><span class='ocrx_word' id='word_1_608' title='bbox 225 4119 340 4177; x_wconf 77' lang='lat' dir='ltr'><strong><em>·Graee.</em></strong></span> <span class='ocrx_word' id='word_1_609' title='bbox 364 4118 514 4191; x_wconf 67' lang='lat' dir='ltr'><strong><em>preciosae.</em></strong></span> <span class='ocrx_word' id='word_1_610' title='bbox 544 4116 621 4172; x_wconf 77' lang='lat' dir='ltr'><strong><em>vers.</em></strong></span> <span class='ocrx_word' id='word_1_611' title='bbox 645 4120 710 4174; x_wconf 75' lang='lat' dir='ltr'><strong><em>Ant.</em></strong></span> <span class='ocrx_word' id='word_1_612' title='bbox 731 4122 934 4177; x_wconf 80' lang='lat' dir='ltr'><strong><em>consummatio.</em></strong></span> <span class='ocrx_word' id='word_1_613' title='bbox 959 4123 993 4180; x_wconf 86' lang='lat' dir='ltr'><strong><em>Et</em></strong></span> <span class='ocrx_word' id='word_1_614' title='bbox 1043 4123 1185 4182; x_wconf 77' lang='lat' dir='ltr'><strong><em>Catholici</em></strong></span> <span class='ocrx_word' id='word_1_615' title='bbox 1194 4124 1330 4181; x_wconf 79' lang='lat' dir='ltr'><strong><em>ethninos</em></strong></span> <span class='ocrx_word' id='word_1_616' title='bbox 1343 4133 1447 4195; x_wconf 88' lang='lat' dir='ltr'><strong><em>poterat</em></strong></span> <span class='ocrx_word' id='word_1_617' title='bbox 1462 4126 1630 4190; x_wconf 61' lang='lat' dir='ltr'><strong><em>censerieet</em></strong></span> <span class='ocrx_word' id='word_1_618' title='bbox 1653 4125 1843 4195; x_wconf 86' lang='lat' dir='ltr'><strong><em>oonptnrcse</em></strong></span> 
     </span>
     <span class='ocr_line' id='line_1_42' title="bbox 193 4188 1844 4325; baseline 0.003 -77"><span class='ocrx_word' id='word_1_619' title='bbox 193 4190 438 4318; x_wconf 45' lang='lat' dir='ltr'><strong><em>papizeprrgsthtlocit</em></strong></span> <span class='ocrx_word' id='word_1_620' title='bbox 446 4188 812 4317; x_wconf 44' lang='grc' dir='ltr'><strong><em>ξιεεέἕηρῶεὲοῑεεὲῑιιῶωυω</em></strong></span> <span class='ocrx_word' id='word_1_621' title='bbox 823 4263 859 4320; x_wconf 51' lang='grc' dir='ltr'>ὡ</span> <span class='ocrx_word' id='word_1_622' title='bbox 876 4270 902 4319; x_wconf 58' lang='lat' dir='ltr'><strong><em>St</em></strong></span> <span class='ocrx_word' id='word_1_623' title='bbox 928 4265 946 4319; x_wconf 43' lang='grc'><strong><em>1,</em></strong></span> <span class='ocrx_word' id='word_1_624' title='bbox 1044 4195 1236 4325; x_wconf 62' lang='lat' dir='ltr'><strong><em>tsherrlriarianis.</em></strong></span> <span class='ocrx_word' id='word_1_625' title='bbox 1250 4196 1390 4323; x_wconf 62' lang='lat' dir='ltr'><strong><em>explicato¹</em></strong></span> <span class='ocrx_word' id='word_1_626' title='bbox 1400 4199 1572 4281; x_wconf 76' lang='lat' dir='ltr'><strong><em>summensis</em></strong></span> <span class='ocrx_word' id='word_1_627' title='bbox 1584 4211 1690 4287; x_wconf 72' lang='lat' dir='ltr'><strong><em>sensu.</em></strong></span> <span class='ocrx_word' id='word_1_628' title='bbox 1707 4194 1844 4323; x_wconf 69' lang='lat' dir='ltr'><strong><em>intendes·</em></strong></span> 
     </span>
     <span class='ocr_line' id='line_1_43' title="bbox 191 4278 1844 4421; baseline 0.002 -29"><span class='ocrx_word' id='word_1_629' title='bbox 191 4301 333 4392; x_wconf 68' lang='lat' dir='ltr'><strong><em>mmo:</em></strong></span> <span class='ocrx_word' id='word_1_630' title='bbox 406 4278 445 4332; x_wconf 54' lang='grc' dir='ltr'><strong><em>Ῥ</em></strong></span> <span class='ocrx_word' id='word_1_631' title='bbox 485 4403 491 4415; x_wconf 46' lang='lat'>‚</span> <span class='ocrx_word' id='word_1_632' title='bbox 539 4404 545 4417; x_wconf 46' lang='grc'><strong>,</strong></span> <span class='ocrx_word' id='word_1_633' title='bbox 670 4300 678 4316; x_wconf 87' lang='grc'><em>·</em></span> <span class='ocrx_word' id='word_1_634' title='bbox 810 4279 991 4417; x_wconf 48' lang='grc' dir='ltr'><strong><em>,ΗΜ</em></strong></span> <span class='ocrx_word' id='word_1_635' title='bbox 1044 4283 1742 4421; x_wconf 59' lang='lat' dir='ltr'><strong><em>sithiui&#39;linitisisthmum</em></strong></span> <span class='ocrx_word' id='word_1_636' title='bbox 1761 4284 1844 4409; x_wconf 53' lang='lat' dir='ltr'><strong><em>tofi</em></strong></span> 
     </span>
    </p>

    <p class='ocr_par' dir='ltr' id='par_1_4' title="bbox 113 4402 1843 4552">
     <span class='ocr_line' id='line_1_44' title="bbox 113 4402 1843 4488; baseline 0.004 -29"><span class='ocrx_word' id='word_1_637' title='bbox 113 4439 115 4443; x_wconf 55' lang='lat'>&gt;</span> <span class='ocrx_word' id='word_1_638' title='bbox 228 4406 331 4462; x_wconf 68' lang='lat' dir='ltr'><strong><em>tiens.</em></strong></span> <span class='ocrx_word' id='word_1_639' title='bbox 346 4402 563 4488; x_wconf 64' lang='lat' dir='ltr'><strong><em>ssessionem</em></strong></span> <span class='ocrx_word' id='word_1_640' title='bbox 573 4413 620 4460; x_wconf 90' lang='lat' dir='ltr'><strong><em>tuo</em></strong></span> <span class='ocrx_word' id='word_1_641' title='bbox 633 4443 690 4462; x_wconf 89' lang='grc'><strong>.....</strong></span> <span class='ocrx_word' id='word_1_642' title='bbox 706 4405 923 4462; x_wconf 86' lang='lat' dir='ltr'><strong><em>uldomrnurelur</em></strong></span> <span class='ocrx_word' id='word_1_643' title='bbox 933 4447 989 4466; x_wconf 85' lang='grc'><strong>.....</strong></span> <span class='ocrx_word' id='word_1_644' title='bbox 1045 4411 1156 4467; x_wconf 85' lang='lat' dir='ltr'><strong><em>similem</em></strong></span> <span class='ocrx_word' id='word_1_645' title='bbox 1168 4410 1240 4465; x_wconf 88' lang='lat' dir='ltr'><strong><em>Patri</em></strong></span> <span class='ocrx_word' id='word_1_646' title='bbox 1278 4413 1353 4465; x_wconf 90' lang='lat' dir='ltr'><strong><em>ihum</em></strong></span> <span class='ocrx_word' id='word_1_647' title='bbox 1370 4412 1524 4478; x_wconf 77' lang='lat' dir='ltr'><strong><em>silentiunm</em></strong></span> <span class='ocrx_word' id='word_1_648' title='bbox 1540 4410 1691 4480; x_wconf 77' lang='lat' dir='ltr'><strong><em>perlectam</em></strong></span> <span class='ocrx_word' id='word_1_649' title='bbox 1712 4410 1843 4466; x_wconf 86' lang='lat' dir='ltr'><strong><em>similitu·</em></strong></span> 
     </span>
     <span class='ocr_line' id='line_1_45' title="bbox 193 4475 1843 4552; baseline 0.004 -20"><span class='ocrx_word' id='word_1_650' title='bbox 193 4478 334 4534; x_wconf 87' lang='lat' dir='ltr'><strong><em>directione</em></strong></span> <span class='ocrx_word' id='word_1_651' title='bbox 345 4475 443 4541; x_wconf 78' lang='lat' dir='ltr'><strong><em>cordus,</em></strong></span> <span class='ocrx_word' id='word_1_652' title='bbox 459 4484 513 4532; x_wconf 88' lang='lat' dir='ltr'><strong><em>eie.</em></strong></span> <span class='ocrx_word' id='word_1_653' title='bbox 1044 4481 1147 4550; x_wconf 91' lang='lat' dir='ltr'><strong><em>dinem,</em></strong></span> <span class='ocrx_word' id='word_1_654' title='bbox 1164 4495 1217 4551; x_wconf 80' lang='lat' dir='ltr'><strong><em>uua</em></strong></span> <span class='ocrx_word' id='word_1_655' title='bbox 1232 4482 1346 4552; x_wconf 86' lang='lat' dir='ltr'><strong><em>proinde</em></strong></span> <span class='ocrx_word' id='word_1_656' title='bbox 1360 4490 1387 4537; x_wconf 91' lang='lat' dir='ltr'><strong><em>et</em></strong></span> <span class='ocrx_word' id='word_1_657' title='bbox 1400 4483 1514 4551; x_wconf 75' lang='lat' dir='ltr'><strong><em>mortuiis</em></strong></span> <span class='ocrx_word' id='word_1_658' title='bbox 1527 4490 1580 4546; x_wconf 87' lang='lat' dir='ltr'><strong><em>est,</em></strong></span> <span class='ocrx_word' id='word_1_659' title='bbox 1599 4492 1627 4538; x_wconf 88' lang='lat' dir='ltr'><strong><em>et</em></strong></span> <span class='ocrx_word' id='word_1_660' title='bbox 1640 4480 1764 4552; x_wconf 80' lang='lat' dir='ltr'><strong><em>eiusdem</em></strong></span> <span class='ocrx_word' id='word_1_661' title='bbox 1777 4497 1843 4538; x_wconf 89' lang='lat' dir='ltr'><strong><em>cum</em></strong></span> 
     </span>
    </p>

    <p class='ocr_par' dir='ltr' id='par_1_5' title="bbox 194 4542 1845 4886">
     <span class='ocr_line' id='line_1_46' title="bbox 228 4542 1845 4624; baseline 0.003 -21"><span class='ocrx_word' id='word_1_662' title='bbox 228 4547 242 4588; x_wconf 73' lang='lat' dir='ltr'><strong><em>d</em></strong></span> <span class='ocrx_word' id='word_1_663' title='bbox 257 4549 291 4604; x_wconf 85' lang='lat' dir='ltr'><strong><em>it&#39;t</em></strong></span> <span class='ocrx_word' id='word_1_664' title='bbox 305 4550 458 4602; x_wconf 87' lang='lat' dir='ltr'><strong><em>homonum.</em></strong></span> <span class='ocrx_word' id='word_1_665' title='bbox 473 4546 534 4603; x_wconf 77' lang='lat' dir='ltr'><strong><em>Lat.</em></strong></span> <span class='ocrx_word' id='word_1_666' title='bbox 549 4554 578 4604; x_wconf 90' lang='grc' dir='ltr'><strong><em>ει</em></strong></span> <span class='ocrx_word' id='word_1_667' title='bbox 593 4546 670 4604; x_wconf 72' lang='lat' dir='ltr'><strong><em>iens.</em></strong></span> <span class='ocrx_word' id='word_1_668' title='bbox 686 4547 751 4604; x_wconf 73' lang='lat' dir='ltr'><strong><em>Aut.</em></strong></span> <span class='ocrx_word' id='word_1_669' title='bbox 763 4547 817 4606; x_wconf 84' lang='lat' dir='ltr'><strong><em>Sed</em></strong></span> <span class='ocrx_word' id='word_1_670' title='bbox 832 4562 940 4615; x_wconf 80' lang='lat' dir='ltr'><strong><em>vereor,</em></strong></span> <span class='ocrx_word' id='word_1_671' title='bbox 957 4565 992 4606; x_wconf 87' lang='lat' dir='ltr'><strong><em>tte</em></strong></span> <span class='ocrx_word' id='word_1_672' title='bbox 1003 4542 1031 4606; x_wconf 81' lang='lat' dir='ltr'>D</span> <span class='ocrx_word' id='word_1_673' title='bbox 1044 4553 1125 4609; x_wconf 82' lang='lat' dir='ltr'><strong><em>Putre</em></strong></span> <span class='ocrx_word' id='word_1_674' title='bbox 1138 4558 1260 4618; x_wconf 78' lang='lat' dir='ltr'><strong><em>nuttrrm3</em></strong></span> <span class='ocrx_word' id='word_1_675' title='bbox 1284 4551 1356 4608; x_wconf 89' lang='lat' dir='ltr'><strong><em>nude</em></strong></span> <span class='ocrx_word' id='word_1_676' title='bbox 1376 4555 1502 4622; x_wconf 85' lang='lat' dir='ltr'><strong><em>oepnolem</em></strong></span> <span class='ocrx_word' id='word_1_677' title='bbox 1524 4555 1601 4607; x_wconf 87' lang='lat' dir='ltr'><strong><em>etium</em></strong></span> <span class='ocrx_word' id='word_1_678' title='bbox 1614 4552 1757 4624; x_wconf 77' lang='lat' dir='ltr'><strong><em>appellnt,</em></strong></span> <span class='ocrx_word' id='word_1_679' title='bbox 1772 4561 1845 4609; x_wconf 73' lang='lat' dir='ltr'><strong><em>mm-</em></strong></span> 
     </span>
     <span class='ocr_line' id='line_1_47' title="bbox 195 4617 1843 4696; baseline 0.001 -19"><span class='ocrx_word' id='word_1_680' title='bbox 195 4621 324 4677; x_wconf 88' lang='lat' dir='ltr'><strong><em>memium</em></strong></span> <span class='ocrx_word' id='word_1_681' title='bbox 340 4621 493 4689; x_wconf 85' lang='lat' dir='ltr'><strong><em>irrepserit,</em></strong></span> <span class='ocrx_word' id='word_1_682' title='bbox 505 4633 565 4673; x_wconf 87' lang='lat' dir='ltr'><strong><em>com</em></strong></span> <span class='ocrx_word' id='word_1_683' title='bbox 582 4618 663 4688; x_wconf 91' lang='lat' dir='ltr'><strong><em>paolo</em></strong></span> <span class='ocrx_word' id='word_1_684' title='bbox 684 4617 800 4676; x_wconf 79' lang='lat' dir='ltr'><strong><em>iniurius</em></strong></span> <span class='ocrx_word' id='word_1_685' title='bbox 824 4619 899 4674; x_wconf 86' lang='lat' dir='ltr'><strong><em>dicut</em></strong></span> <span class='ocrx_word' id='word_1_686' title='bbox 912 4620 992 4678; x_wconf 83' lang='lat' dir='ltr'><strong><em>Luci·</em></strong></span> <span class='ocrx_word' id='word_1_687' title='bbox 1041 4638 1122 4695; x_wconf 83' lang='lat' dir='ltr'><strong><em>qnam</em></strong></span> <span class='ocrx_word' id='word_1_688' title='bbox 1136 4639 1182 4691; x_wconf 88' lang='lat' dir='ltr'><strong><em>per</em></strong></span> <span class='ocrx_word' id='word_1_689' title='bbox 1191 4622 1347 4696; x_wconf 82' lang='lat' dir='ltr'><strong><em>oqrrolitotic</em></strong></span> <span class='ocrx_word' id='word_1_690' title='bbox 1360 4625 1519 4679; x_wconf 85' lang='lat' dir='ltr'><strong><em>vrsoahnlnm</em></strong></span> <span class='ocrx_word' id='word_1_691' title='bbox 1532 4629 1673 4694; x_wconf 67' lang='lat' dir='ltr'><strong><em>perfectum</em></strong></span> <span class='ocrx_word' id='word_1_692' title='bbox 1687 4624 1843 4679; x_wconf 81' lang='lat' dir='ltr'><strong><em>simulitudi-</em></strong></span> 
     </span>
     <span class='ocr_line' id='line_1_48' title="bbox 194 4689 1844 4766; baseline 0.002 -19"><span class='ocrx_word' id='word_1_693' title='bbox 194 4691 253 4755; x_wconf 88' lang='lat' dir='ltr'><strong><em>ler,</em></strong></span> <span class='ocrx_word' id='word_1_694' title='bbox 268 4691 492 4762; x_wconf 78' lang='lat' dir='ltr'><strong><em>octomodojustos</em></strong></span> <span class='ocrx_word' id='word_1_695' title='bbox 506 4705 553 4744; x_wconf 88' lang='lat' dir='ltr'><strong><em>nos</em></strong></span> <span class='ocrx_word' id='word_1_696' title='bbox 566 4699 590 4743; x_wconf 93' lang='lat' dir='ltr'><strong><em>ct</em></strong></span> <span class='ocrx_word' id='word_1_697' title='bbox 610 4689 737 4744; x_wconf 79' lang='lat' dir='ltr'><strong><em>humorum</em></strong></span> <span class='ocrx_word' id='word_1_698' title='bbox 752 4730 760 4753; x_wconf 92' lang='lat'><strong><em>,</em></strong></span> <span class='ocrx_word' id='word_1_699' title='bbox 784 4699 839 4746; x_wconf 89' lang='lat' dir='ltr'><strong><em>etc.</em></strong></span> <span class='ocrx_word' id='word_1_700' title='bbox 861 4691 933 4749; x_wconf 88' lang='lat' dir='ltr'><strong><em>unde</em></strong></span> <span class='ocrx_word' id='word_1_701' title='bbox 946 4707 990 4748; x_wconf 79' lang='lat' dir='ltr'><strong><em>ur·</em></strong></span> <span class='ocrx_word' id='word_1_702' title='bbox 1041 4711 1100 4750; x_wconf 87' lang='lat' dir='ltr'><strong><em>nem</em></strong></span> <span class='ocrx_word' id='word_1_703' title='bbox 1113 4695 1233 4751; x_wconf 78' lang='lat' dir='ltr'><strong><em>indicare</em></strong></span> <span class='ocrx_word' id='word_1_704' title='bbox 1247 4694 1375 4750; x_wconf 85' lang='lat' dir='ltr'><strong><em>soluerit.</em></strong></span> <span class='ocrx_word' id='word_1_705' title='bbox 1390 4694 1443 4750; x_wconf 76' lang='lat' dir='ltr'><strong><em>Soti</em></strong></span> <span class='ocrx_word' id='word_1_706' title='bbox 1461 4695 1564 4750; x_wconf 86' lang='lat' dir='ltr'><strong><em>iiilurio</em></strong></span> <span class='ocrx_word' id='word_1_707' title='bbox 1578 4695 1732 4751; x_wconf 76' lang='lat' dir='ltr'><strong><em>Arelatensi</em></strong></span> <span class='ocrx_word' id='word_1_708' title='bbox 1748 4695 1844 4766; x_wconf 84' lang='lat' dir='ltr'><strong><em>liujus-</em></strong></span> 
     </span>
     <span class='ocr_line' id='line_1_49' title="bbox 194 4758 1845 4886; baseline 0.003 -69"><span class='ocrx_word' id='word_1_709' title='bbox 194 4777 338 4886; x_wconf 63' lang='lat' dir='ltr'><strong><em>gursceutn</em></strong></span> <span class='ocrx_word' id='word_1_710' title='bbox 353 4760 496 4885; x_wconf 49' lang='lat' dir='ltr'><strong><em>wilffiiff‘?</em></strong></span> <span class='ocrx_word' id='word_1_711' title='bbox 504 4763 607 4885; x_wconf 51' lang='lat' dir='ltr'><strong><em>jttlsgum</em></strong></span> <span class='ocrx_word' id='word_1_712' title='bbox 618 4771 641 4814; x_wconf 89' lang='lat' dir='ltr'><strong><em>ct</em></strong></span> <span class='ocrx_word' id='word_1_713' title='bbox 655 4758 806 4819; x_wconf 84' lang='lat' dir='ltr'><strong><em>humanum.</em></strong></span> <span class='ocrx_word' id='word_1_714' title='bbox 1041 4765 1114 4821; x_wconf 86' lang='lat' dir='ltr'><strong><em>modi</em></strong></span> <span class='ocrx_word' id='word_1_715' title='bbox 1131 4781 1212 4821; x_wconf 81' lang='lat' dir='ltr'><strong><em>uoces</em></strong></span> <span class='ocrx_word' id='word_1_716' title='bbox 1236 4776 1292 4821; x_wconf 85' lang='lat' dir='ltr'><strong><em>tum</em></strong></span> <span class='ocrx_word' id='word_1_717' title='bbox 1302 4765 1411 4848; x_wconf 66' lang='lat' dir='ltr'><strong><em>ipsios,</em></strong></span> <span class='ocrx_word' id='word_1_718' title='bbox 1428 4773 1484 4848; x_wconf 82' lang='lat' dir='ltr'><strong><em>tutu</em></strong></span> <span class='ocrx_word' id='word_1_719' title='bbox 1501 4767 1651 4848; x_wconf 74' lang='lat' dir='ltr'><strong><em>ipsisne-iou</em></strong></span> <span class='ocrx_word' id='word_1_720' title='bbox 1663 4766 1749 4848; x_wconf 33' lang='lat' dir='ltr'><strong><em>‘uiride</em></strong></span> <span class='ocrx_word' id='word_1_721' title='bbox 1763 4777 1845 4850; x_wconf 80' lang='lat' dir='ltr'><strong><em>eruut</em></strong></span> 
     </span>
    </p>

    <p class='ocr_par' dir='ltr' id='par_1_6' title="bbox 195 4832 1845 5120">
     <span class='ocr_line' id='line_1_50' title="bbox 234 4832 1845 4986; baseline 0.003 -28"><span class='ocrx_word' id='word_1_722' title='bbox 234 4832 537 4986; x_wconf 68' lang='lat' dir='ltr'><strong><em>‹otittit&#39;itlth</em></strong></span> <span class='ocrx_word' id='word_1_723' title='bbox 553 4847 662 4962; x_wconf 71' lang='lat' dir='ltr'><strong><em>elios</em></strong></span> <span class='ocrx_word' id='word_1_724' title='bbox 681 4903 812 4964; x_wconf 59' lang='lat' dir='ltr'><strong><em>‚assus</em></strong></span> <span class='ocrx_word' id='word_1_725' title='bbox 839 4903 991 4962; x_wconf 63' lang='lat' dir='ltr'><strong><em>ostreno.</em></strong></span> <span class='ocrx_word' id='word_1_726' title='bbox 1042 4847 1288 4981; x_wconf 66' lang='lat' dir='ltr'><strong><em>:ttulistis</em></strong></span> <span class='ocrx_word' id='word_1_727' title='bbox 1302 4839 1749 4964; x_wconf 50' lang='lat' dir='ltr'><strong><em>isitii”iussitlussit</em></strong></span> <span class='ocrx_word' id='word_1_728' title='bbox 1762 4838 1845 4965; x_wconf 73' lang='lat' dir='ltr'><strong><em>ihi</em></strong></span> 
     </span>
     <span class='ocr_line' id='line_1_51' title="bbox 196 4971 1843 5053; baseline -0.004 -12"><span class='ocrx_word' id='word_1_729' title='bbox 196 4985 265 5041; x_wconf 69' lang='lat' dir='ltr'><strong><em>ihm,</em></strong></span> <span class='ocrx_word' id='word_1_730' title='bbox 281 4989 333 5044; x_wconf 73' lang='lat' dir='ltr'><strong><em>tiua</em></strong></span> <span class='ocrx_word' id='word_1_731' title='bbox 348 4977 453 5035; x_wconf 67' lang='lat' dir='ltr'><strong><em>Altum.</em></strong></span> <span class='ocrx_word' id='word_1_732' title='bbox 467 4987 528 5028; x_wconf 85' lang='lat' dir='ltr'><strong><em>curn</em></strong></span> <span class='ocrx_word' id='word_1_733' title='bbox 544 4971 610 5029; x_wconf 86' lang='lat' dir='ltr'><strong><em>lesu</em></strong></span> <span class='ocrx_word' id='word_1_734' title='bbox 631 4977 730 5034; x_wconf 74' lang='lat' dir='ltr'><strong><em>Christi</em></strong></span> <span class='ocrx_word' id='word_1_735' title='bbox 752 4974 871 5034; x_wconf 83' lang='lat' dir='ltr'><strong><em>diuinum</em></strong></span> <span class='ocrx_word' id='word_1_736' title='bbox 883 4977 992 5034; x_wconf 80' lang='lat' dir='ltr'><strong><em>mtertti·</em></strong></span> <span class='ocrx_word' id='word_1_737' title='bbox 1042 4979 1168 5041; x_wconf 85' lang='lat' dir='ltr'><strong><em>uhsolntc,</em></strong></span> <span class='ocrx_word' id='word_1_738' title='bbox 1183 4979 1287 5034; x_wconf 92' lang='lat' dir='ltr'><strong><em>domine</em></strong></span> <span class='ocrx_word' id='word_1_739' title='bbox 1297 4980 1378 5049; x_wconf 78' lang='lat' dir='ltr'><strong><em>lrotrr</em></strong></span> <span class='ocrx_word' id='word_1_740' title='bbox 1391 4977 1496 5049; x_wconf 75' lang='lat' dir='ltr'><strong><em>Lsmlcr</em></strong></span> <span class='ocrx_word' id='word_1_741' title='bbox 1509 5021 1517 5044; x_wconf 88' lang='lat'><strong><em>,</em></strong></span> <span class='ocrx_word' id='word_1_742' title='bbox 1528 4981 1647 5053; x_wconf 76' lang='lat' dir='ltr'><strong><em>coporosci</em></strong></span> <span class='ocrx_word' id='word_1_743' title='bbox 1662 4981 1756 5048; x_wconf 81' lang='lat' dir='ltr'><strong><em>potuit,</em></strong></span> <span class='ocrx_word' id='word_1_744' title='bbox 1770 4981 1843 5034; x_wconf 85' lang='lat' dir='ltr'><strong><em>inri-</em></strong></span> 
     </span>
     <span class='ocr_line' id='line_1_52' title="bbox 195 5042 1845 5120; baseline 0.003 -20"><span class='ocrx_word' id='word_1_745' title='bbox 195 5056 277 5105; x_wconf 85' lang='lat' dir='ltr'><strong><em>tulem</em></strong></span> <span class='ocrx_word' id='word_1_746' title='bbox 292 5055 436 5116; x_wconf 77' lang='lat' dir='ltr'><strong><em>negarent:</em></strong></span> <span class='ocrx_word' id='word_1_747' title='bbox 455 5042 532 5107; x_wconf 81' lang='lat' dir='ltr'><strong><em>Fuit,</em></strong></span> <span class='ocrx_word' id='word_1_748' title='bbox 545 5050 650 5116; x_wconf 82' lang='lat' dir='ltr'><strong><em>quondo</em></strong></span> <span class='ocrx_word' id='word_1_749' title='bbox 660 5067 711 5106; x_wconf 91' lang='lat' dir='ltr'><strong><em>nott</em></strong></span> <span class='ocrx_word' id='word_1_750' title='bbox 724 5061 789 5104; x_wconf 85' lang='lat' dir='ltr'><strong><em>erut.</em></strong></span> <span class='ocrx_word' id='word_1_751' title='bbox 1043 5059 1097 5106; x_wconf 86' lang='lat' dir='ltr'><strong><em>lunt</em></strong></span> <span class='ocrx_word' id='word_1_752' title='bbox 1110 5069 1149 5107; x_wconf 86' lang='lat' dir='ltr'><strong><em>nte</em></strong></span> <span class='ocrx_word' id='word_1_753' title='bbox 1164 5051 1298 5105; x_wconf 82' lang='lat' dir='ltr'><strong><em>honroeusii</em></strong></span> <span class='ocrx_word' id='word_1_754' title='bbox 1312 5051 1466 5105; x_wconf 88' lang='lat' dir='ltr'><strong><em>mentionem</em></strong></span> <span class='ocrx_word' id='word_1_755' title='bbox 1485 5049 1587 5105; x_wconf 81' lang='lat' dir='ltr'><strong><em>holere.</em></strong></span> <span class='ocrx_word' id='word_1_756' title='bbox 1610 5051 1664 5107; x_wconf 86' lang='lat' dir='ltr'><strong><em>Sed</em></strong></span> <span class='ocrx_word' id='word_1_757' title='bbox 1680 5053 1744 5120; x_wconf 86' lang='lat' dir='ltr'><strong><em>puio</em></strong></span> <span class='ocrx_word' id='word_1_758' title='bbox 1760 5061 1787 5104; x_wconf 90' lang='lat' dir='ltr'><strong><em>tu</em></strong></span> <span class='ocrx_word' id='word_1_759' title='bbox 1808 5053 1845 5107; x_wconf 83' lang='lat' dir='ltr'><strong><em>si-</em></strong></span> 
     </span>
    </p>

    <p class='ocr_par' dir='ltr' id='par_1_7' title="bbox 233 5112 1846 5192">
     <span class='ocr_line' id='line_1_53' title="bbox 233 5112 1846 5192; baseline 0 -16"><span class='ocrx_word' id='word_1_760' title='bbox 233 5127 246 5164; x_wconf 68' lang='lat' dir='ltr'><strong><em>l</em></strong></span> <span class='ocrx_word' id='word_1_761' title='bbox 264 5118 340 5173; x_wconf 74' lang='lat' dir='ltr'><strong><em>Vers-</em></strong></span> <span class='ocrx_word' id='word_1_762' title='bbox 353 5121 416 5171; x_wconf 79' lang='lat' dir='ltr'><strong><em>Atti.</em></strong></span> <span class='ocrx_word' id='word_1_763' title='bbox 431 5112 592 5172; x_wconf 81' lang='lat' dir='ltr'><strong><em>corruiturus</em></strong></span> <span class='ocrx_word' id='word_1_764' title='bbox 607 5136 656 5192; x_wconf 87' lang='lat' dir='ltr'><strong><em>pto</em></strong></span> <span class='ocrx_word' id='word_1_765' title='bbox 670 5129 746 5177; x_wconf 83' lang='lat' dir='ltr'><strong><em>corel.</em></strong></span> <span class='ocrx_word' id='word_1_766' title='bbox 1043 5123 1216 5178; x_wconf 82' lang='lat' dir='ltr'><strong><em>militudinem</em></strong></span> <span class='ocrx_word' id='word_1_767' title='bbox 1229 5121 1292 5176; x_wconf 80' lang='lat' dir='ltr'><strong><em>Filii</em></strong></span> <span class='ocrx_word' id='word_1_768' title='bbox 1312 5123 1346 5177; x_wconf 89' lang='lat' dir='ltr'><strong><em>od</em></strong></span> <span class='ocrx_word' id='word_1_769' title='bbox 1359 5119 1465 5176; x_wconf 83' lang='lat' dir='ltr'><strong><em>Putrem</em></strong></span> <span class='ocrx_word' id='word_1_770' title='bbox 1480 5122 1661 5190; x_wconf 77' lang='lat' dir='ltr'><strong><em>predicoltur,</em></strong></span> <span class='ocrx_word' id='word_1_771' title='bbox 1682 5123 1846 5177; x_wconf 73' lang='lat' dir='ltr'><strong><em>demonstra·</em></strong></span> 
     </span>
    </p>

    <p class='ocr_par' dir='ltr' id='par_1_8' title="bbox 232 5186 1845 5266">
     <span class='ocr_line' id='line_1_54' title="bbox 232 5186 1845 5266; baseline 0.005 -24"><span class='ocrx_word' id='word_1_772' title='bbox 232 5187 328 5256; x_wconf 68' lang='lat' dir='ltr'><strong><em>herid</em></strong></span> <span class='ocrx_word' id='word_1_773' title='bbox 342 5189 385 5242; x_wconf 86' lang='lat' dir='ltr'><strong><em>sit.</em></strong></span> <span class='ocrx_word' id='word_1_774' title='bbox 403 5186 489 5245; x_wconf 82' lang='lat' dir='ltr'><strong><em>tatto.</em></strong></span> <span class='ocrx_word' id='word_1_775' title='bbox 1044 5194 1080 5248; x_wconf 93' lang='lat' dir='ltr'><strong><em>tio</em></strong></span> <span class='ocrx_word' id='word_1_776' title='bbox 1095 5197 1151 5264; x_wconf 78' lang='lat' dir='ltr'><strong><em>ejus</em></strong></span> <span class='ocrx_word' id='word_1_777' title='bbox 1161 5211 1177 5246; x_wconf 90' lang='lat' dir='ltr'><strong><em>o</em></strong></span> <span class='ocrx_word' id='word_1_778' title='bbox 1189 5210 1228 5250; x_wconf 90' lang='lat' dir='ltr'><strong><em>mc</em></strong></span> <span class='ocrx_word' id='word_1_779' title='bbox 1239 5197 1289 5266; x_wconf 74' lang='lat' dir='ltr'><strong><em>luit</em></strong></span> <span class='ocrx_word' id='word_1_780' title='bbox 1305 5193 1457 5266; x_wconf 77' lang='lat' dir='ltr'><strong><em>exponendo</em></strong></span> <span class='ocrx_word' id='word_1_781' title='bbox 1471 5195 1618 5249; x_wconf 76' lang='lat' dir='ltr'><strong><em>cineritios</em></strong></span> <span class='ocrx_word' id='word_1_782' title='bbox 1632 5193 1705 5265; x_wconf 82' lang='lat' dir='ltr'><strong><em>quod</em></strong></span> <span class='ocrx_word' id='word_1_783' title='bbox 1718 5193 1845 5263; x_wconf 80' lang='lat' dir='ltr'><strong><em>pluribus</em></strong></span> 
     </span>
    </p>

    <p class='ocr_par' dir='ltr' id='par_1_9' title="bbox 116 5260 1846 5838">
     <span class='ocr_line' id='line_1_55' title="bbox 237 5260 1359 5334; baseline 0 -16"><span class='ocrx_word' id='word_1_784' title='bbox 237 5262 356 5318; x_wconf 66' lang='grc' dir='ltr'><strong><em>ιΙεεειε</em></strong></span> <span class='ocrx_word' id='word_1_785' title='bbox 381 5260 520 5317; x_wconf 85' lang='lat' dir='ltr'><strong><em>Christum</em></strong></span> <span class='ocrx_word' id='word_1_786' title='bbox 552 5264 627 5321; x_wconf 86' lang='lat' dir='ltr'><strong><em>Pntri</em></strong></span> <span class='ocrx_word' id='word_1_787' title='bbox 665 5261 839 5319; x_wconf 86' lang='lat' dir='ltr'><strong><em>solummodo</em></strong></span> <span class='ocrx_word' id='word_1_788' title='bbox 871 5260 989 5317; x_wconf 86' lang='lat' dir='ltr'><strong><em>sitniietn</em></strong></span> <span class='ocrx_word' id='word_1_789' title='bbox 1044 5264 1359 5334; x_wconf 75' lang='lat' dir='ltr'><strong><em>inloeisipsspruutat.</em></strong></span> 
     </span>
     <span class='ocr_line' id='line_1_56' title="bbox 196 5331 1845 5410; baseline 0.001 -18"><span class='ocrx_word' id='word_1_790' title='bbox 196 5334 284 5410; x_wconf 79' lang='grc' dir='ltr'><strong>ὅμοιον</strong></span> <span class='ocrx_word' id='word_1_791' title='bbox 297 5348 371 5398; x_wconf 83' lang='grc' dir='ltr'><strong>εειε.</strong></span> <span class='ocrx_word' id='word_1_792' title='bbox 387 5333 498 5402; x_wconf 81' lang='lat' dir='ltr'><strong><em>quidam</em></strong></span> <span class='ocrx_word' id='word_1_793' title='bbox 518 5348 552 5390; x_wconf 82' lang='lat' dir='ltr'><strong><em>ex</em></strong></span> <span class='ocrx_word' id='word_1_794' title='bbox 565 5335 675 5392; x_wconf 79' lang='lat' dir='ltr'><strong><em>Arianis</em></strong></span> <span class='ocrx_word' id='word_1_795' title='bbox 686 5333 826 5399; x_wconf 80' lang='lat' dir='ltr'><strong><em>dicebam,</em></strong></span> <span class='ocrx_word' id='word_1_796' title='bbox 843 5331 917 5387; x_wconf 85' lang='lat' dir='ltr'><strong><em>nttila</em></strong></span> <span class='ocrx_word' id='word_1_797' title='bbox 927 5335 990 5388; x_wconf 85' lang='lat' dir='ltr'><strong><em>sul·</em></strong></span> <span class='ocrx_word' id='word_1_798' title='bbox 1083 5336 1090 5387; x_wconf 86' lang='lat' dir='ltr'><strong><em>i</em></strong></span> <span class='ocrx_word' id='word_1_799' title='bbox 1111 5337 1146 5392; x_wconf 85' lang='lat' dir='ltr'><strong><em>Se</em></strong></span> <span class='ocrx_word' id='word_1_800' title='bbox 1158 5338 1259 5392; x_wconf 88' lang='lat' dir='ltr'><strong><em>ornittit</em></strong></span> <span class='ocrx_word' id='word_1_801' title='bbox 1274 5336 1353 5393; x_wconf 77' lang='lat' dir='ltr'><strong><em>iens.</em></strong></span> <span class='ocrx_word' id='word_1_802' title='bbox 1367 5336 1431 5392; x_wconf 79' lang='lat' dir='ltr'><strong><em>tint.</em></strong></span> <span class='ocrx_word' id='word_1_803' title='bbox 1445 5353 1506 5407; x_wconf 83' lang='lat' dir='ltr'><strong><em>oure</em></strong></span> <span class='ocrx_word' id='word_1_804' title='bbox 1526 5346 1618 5407; x_wconf 85' lang='lat' dir='ltr'><strong><em>postea</em></strong></span> <span class='ocrx_word' id='word_1_805' title='bbox 1633 5335 1727 5404; x_wconf 84' lang='lat' dir='ltr'><strong><em>ltuhut,</em></strong></span> <span class='ocrx_word' id='word_1_806' title='bbox 1744 5335 1845 5394; x_wconf 80' lang='lat' dir='ltr'><strong><em>Vincu-</em></strong></span> 
     </span>
     <span class='ocr_line' id='line_1_57' title="bbox 196 5402 1646 5482; baseline 0.001 -21"><span class='ocrx_word' id='word_1_807' title='bbox 196 5407 300 5461; x_wconf 85' lang='lat' dir='ltr'><strong><em>rtamire</em></strong></span> <span class='ocrx_word' id='word_1_808' title='bbox 314 5406 354 5460; x_wconf 83' lang='lat' dir='ltr'><strong><em>sel</em></strong></span> <span class='ocrx_word' id='word_1_809' title='bbox 380 5405 444 5459; x_wconf 83' lang='lat' dir='ltr'><strong><em>urite</em></strong></span> <span class='ocrx_word' id='word_1_810' title='bbox 468 5402 539 5460; x_wconf 84' lang='lat' dir='ltr'><strong><em>locta</em></strong></span> <span class='ocrx_word' id='word_1_811' title='bbox 563 5407 702 5463; x_wconf 71' lang='lat' dir='ltr'><strong><em>silentione</em></strong></span> <span class='ocrx_word' id='word_1_812' title='bbox 716 5423 723 5460; x_wconf 82' lang='lat' dir='ltr'><strong><em>z</em></strong></span> <span class='ocrx_word' id='word_1_813' title='bbox 736 5406 803 5462; x_wconf 81' lang='lat' dir='ltr'><strong><em>noris</em></strong></span> <span class='ocrx_word' id='word_1_814' title='bbox 825 5404 912 5463; x_wconf 78' lang='lat' dir='ltr'><strong><em>odoror</em></strong></span> <span class='ocrx_word' id='word_1_815' title='bbox 927 5419 992 5460; x_wconf 80' lang='lat' dir='ltr'><strong><em>sero</em></strong></span> <span class='ocrx_word' id='word_1_816' title='bbox 1046 5406 1079 5464; x_wconf 87' lang='lat' dir='ltr'><strong><em>lis</em></strong></span> <span class='ocrx_word' id='word_1_817' title='bbox 1093 5409 1255 5464; x_wconf 87' lang='lat' dir='ltr'><strong><em>tenelrurnm</em></strong></span> <span class='ocrx_word' id='word_1_818' title='bbox 1267 5419 1292 5464; x_wconf 85' lang='lat' dir='ltr'><strong><em>ct</em></strong></span> <span class='ocrx_word' id='word_1_819' title='bbox 1302 5411 1387 5482; x_wconf 81' lang='lat' dir='ltr'><strong><em>lonpoe</em></strong></span> <span class='ocrx_word' id='word_1_820' title='bbox 1401 5410 1483 5465; x_wconf 83' lang='lat' dir='ltr'><strong><em>noctis</em></strong></span> <span class='ocrx_word' id='word_1_821' title='bbox 1497 5408 1646 5479; x_wconf 87' lang='lat' dir='ltr'><strong><em>compediti.</em></strong></span> 
     </span>
     <span class='ocr_line' id='line_1_58' title="bbox 196 5475 1378 5549; baseline 0.003 -15"><span class='ocrx_word' id='word_1_822' title='bbox 196 5476 282 5549; x_wconf 71' lang='lat' dir='ltr'><strong><em>ipsios</em></strong></span> <span class='ocrx_word' id='word_1_823' title='bbox 297 5490 358 5532; x_wconf 83' lang='lat' dir='ltr'><strong><em>esse</em></strong></span> <span class='ocrx_word' id='word_1_824' title='bbox 372 5475 471 5531; x_wconf 79' lang='lat' dir='ltr'><strong><em>Filium</em></strong></span> <span class='ocrx_word' id='word_1_825' title='bbox 487 5475 559 5534; x_wconf 76' lang='lat' dir='ltr'><strong><em>Petri</em></strong></span> <span class='ocrx_word' id='word_1_826' title='bbox 571 5477 749 5544; x_wconf 78' lang='lat' dir='ltr'><strong><em>sentiarisni,</em></strong></span> <span class='ocrx_word' id='word_1_827' title='bbox 765 5491 793 5532; x_wconf 87' lang='lat' dir='ltr'><strong><em>et</em></strong></span> <span class='ocrx_word' id='word_1_828' title='bbox 809 5477 995 5534; x_wconf 85' lang='lat' dir='ltr'><strong><em>ilornoeusios·</em></strong></span> <span class='ocrx_word' id='word_1_829' title='bbox 1082 5478 1095 5517; x_wconf 82' lang='lat'><strong><em>¹¹</em></strong></span> <span class='ocrx_word' id='word_1_830' title='bbox 1111 5478 1203 5535; x_wconf 80' lang='lat' dir='ltr'><strong><em>Erunt.</em></strong></span> <span class='ocrx_word' id='word_1_831' title='bbox 1219 5480 1297 5537; x_wconf 81' lang='lat' dir='ltr'><strong><em>ileos.</em></strong></span> <span class='ocrx_word' id='word_1_832' title='bbox 1313 5480 1378 5537; x_wconf 78' lang='lat' dir='ltr'><strong><em>Ant.</em></strong></span> 
     </span>
     <span class='ocr_line' id='line_1_59' title="bbox 200 5547 1846 5624; baseline 0.002 -21"><span class='ocrx_word' id='word_1_833' title='bbox 200 5555 235 5603; x_wconf 74' lang='grc' dir='ltr'><strong>ιε</strong></span> <span class='ocrx_word' id='word_1_834' title='bbox 252 5548 445 5612; x_wconf 84' lang='lat' dir='ltr'><strong><em>ut&#39;hrrnohsut,</em></strong></span> <span class='ocrx_word' id='word_1_835' title='bbox 461 5547 581 5604; x_wconf 86' lang='lat' dir='ltr'><strong><em>Eusehio</em></strong></span> <span class='ocrx_word' id='word_1_836' title='bbox 603 5549 767 5606; x_wconf 68' lang='lat' dir='ltr'><strong><em>tlaesariensi</em></strong></span> <span class='ocrx_word' id='word_1_837' title='bbox 791 5551 932 5620; x_wconf 72' lang='lat' dir='ltr'><strong><em>magistro.</em></strong></span> <span class='ocrx_word' id='word_1_838' title='bbox 960 5551 995 5604; x_wconf 89' lang='lat' dir='ltr'><strong><em>st</em></strong></span> <span class='ocrx_word' id='word_1_839' title='bbox 1083 5549 1159 5608; x_wconf 86' lang='lat' dir='ltr'><strong><em>¹Pro</em></strong></span> <span class='ocrx_word' id='word_1_840' title='bbox 1171 5554 1267 5607; x_wconf 86' lang='lat' dir='ltr'><strong><em>luotinc</em></strong></span> <span class='ocrx_word' id='word_1_841' title='bbox 1282 5562 1307 5608; x_wconf 87' lang='lat' dir='ltr'><strong><em>et</em></strong></span> <span class='ocrx_word' id='word_1_842' title='bbox 1319 5553 1376 5608; x_wconf 86' lang='lat' dir='ltr'><strong><em>hsce</em></strong></span> <span class='ocrx_word' id='word_1_843' title='bbox 1388 5553 1504 5623; x_wconf 88' lang='lat' dir='ltr'><strong><em>prinori,·</em></strong></span> <span class='ocrx_word' id='word_1_844' title='bbox 1526 5552 1573 5609; x_wconf 93' lang='lat' dir='ltr'><strong><em>uhi</em></strong></span> <span class='ocrx_word' id='word_1_845' title='bbox 1596 5550 1780 5607; x_wconf 77' lang='lat' dir='ltr'><strong><em>accusativum</em></strong></span> <span class='ocrx_word' id='word_1_846' title='bbox 1793 5567 1846 5624; x_wconf 91' lang='lat' dir='ltr'><strong><em>pro</em></strong></span> 
     </span>
     <span class='ocr_line' id='line_1_60' title="bbox 201 5618 1842 5698; baseline 0.004 -25"><span class='ocrx_word' id='word_1_847' title='bbox 201 5630 263 5673; x_wconf 84' lang='lat' dir='ltr'><strong><em>cum</em></strong></span> <span class='ocrx_word' id='word_1_848' title='bbox 280 5618 398 5688; x_wconf 83' lang='lat' dir='ltr'><strong><em>perlecto</em></strong></span> <span class='ocrx_word' id='word_1_849' title='bbox 410 5618 561 5675; x_wconf 87' lang='lat' dir='ltr'><strong><em>similitudo</em></strong></span> <span class='ocrx_word' id='word_1_850' title='bbox 576 5620 646 5677; x_wconf 88' lang='lat' dir='ltr'><strong><em>nihii</em></strong></span> <span class='ocrx_word' id='word_1_851' title='bbox 657 5626 693 5677; x_wconf 84' lang='lat' dir='ltr'><strong><em>ah</em></strong></span> <span class='ocrx_word' id='word_1_852' title='bbox 705 5622 860 5688; x_wconf 75' lang='lat' dir='ltr'><strong><em>constitute</em></strong></span> <span class='ocrx_word' id='word_1_853' title='bbox 874 5629 903 5674; x_wconf 86' lang='lat' dir='ltr'><strong><em>et</em></strong></span> <span class='ocrx_word' id='word_1_854' title='bbox 917 5618 995 5675; x_wconf 91' lang='lat' dir='ltr'><strong><em>iden·</em></strong></span> <span class='ocrx_word' id='word_1_855' title='bbox 1044 5622 1169 5678; x_wconf 78' lang='lat' dir='ltr'><strong><em>shlutiro</em></strong></span> <span class='ocrx_word' id='word_1_856' title='bbox 1184 5634 1308 5694; x_wconf 88' lang='lat' dir='ltr'><strong><em>usnrpot.</em></strong></span> <span class='ocrx_word' id='word_1_857' title='bbox 1324 5623 1378 5680; x_wconf 78' lang='lat' dir='ltr'><strong><em>uu.</em></strong></span> <span class='ocrx_word' id='word_1_858' title='bbox 1390 5637 1415 5679; x_wconf 87' lang='lat' dir='ltr'><strong><em>et</em></strong></span> <span class='ocrx_word' id='word_1_859' title='bbox 1429 5623 1518 5680; x_wconf 78' lang='lat' dir='ltr'><strong><em>Lotin.</em></strong></span> <span class='ocrx_word' id='word_1_860' title='bbox 1529 5624 1654 5695; x_wconf 82' lang='lat' dir='ltr'><strong><em>sompni</em></strong></span> <span class='ocrx_word' id='word_1_861' title='bbox 1669 5622 1842 5698; x_wconf 71' lang='lat' dir='ltr'><strong><em>concordent„</em></strong></span> 
     </span>
     <span class='ocr_line' id='line_1_61' title="bbox 116 5685 1845 5780; baseline 0.007 -40"><span class='ocrx_word' id='word_1_862' title='bbox 116 5706 177 5780; x_wconf 51' lang='grc' dir='ltr'>ι</span> <span class='ocrx_word' id='word_1_863' title='bbox 191 5686 279 5780; x_wconf 51' lang='lat' dir='ltr'><strong><em>iiim</em></strong></span> <span class='ocrx_word' id='word_1_864' title='bbox 303 5687 516 5756; x_wconf 77' lang='lat' dir='ltr'><strong><em>tsuturmdilioru</em></strong></span> <span class='ocrx_word' id='word_1_865' title='bbox 532 5732 550 5759; x_wconf 77' lang='lat'><strong><em>„</em></strong></span> <span class='ocrx_word' id='word_1_866' title='bbox 561 5691 625 5762; x_wconf 77' lang='lat' dir='ltr'><strong><em>idco</em></strong></span> <span class='ocrx_word' id='word_1_867' title='bbox 638 5695 699 5769; x_wconf 73' lang='lat' dir='ltr'><strong><em>lupo</em></strong></span> <span class='ocrx_word' id='word_1_868' title='bbox 717 5690 866 5762; x_wconf 82' lang='lat' dir='ltr'><strong><em>propositio</em></strong></span> <span class='ocrx_word' id='word_1_869' title='bbox 880 5729 889 5757; x_wconf 90' lang='lat'><strong><em>,</em></strong></span> <span class='ocrx_word' id='word_1_870' title='bbox 905 5687 993 5745; x_wconf 79' lang='lat' dir='ltr'><strong><em>Filius</em></strong></span> <span class='ocrx_word' id='word_1_871' title='bbox 1044 5709 1136 5765; x_wconf 76' lang='lat' dir='ltr'><strong><em>cocere</em></strong></span> <span class='ocrx_word' id='word_1_872' title='bbox 1149 5696 1268 5760; x_wconf 65' lang='lat' dir='ltr'><strong><em>lumime</em></strong></span> <span class='ocrx_word' id='word_1_873' title='bbox 1287 5695 1358 5767; x_wconf 81' lang='lat' dir='ltr'><strong><em>quod</em></strong></span> <span class='ocrx_word' id='word_1_874' title='bbox 1380 5711 1433 5753; x_wconf 90' lang='lat' dir='ltr'><strong><em>non</em></strong></span> <span class='ocrx_word' id='word_1_875' title='bbox 1447 5695 1505 5753; x_wconf 82' lang='lat' dir='ltr'><strong><em>ie&#39;t&#39;u</em></strong></span> <span class='ocrx_word' id='word_1_876' title='bbox 1530 5685 1557 5752; x_wconf 81' lang='lat' dir='ltr'><strong><em>in</em></strong></span> <span class='ocrx_word' id='word_1_877' title='bbox 1583 5694 1636 5752; x_wconf 88' lang='lat' dir='ltr'><strong><em>hoc</em></strong></span> <span class='ocrx_word' id='word_1_878' title='bbox 1657 5703 1780 5754; x_wconf 80' lang='lat' dir='ltr'><strong><em>suctores</em></strong></span> <span class='ocrx_word' id='word_1_879' title='bbox 1802 5692 1845 5752; x_wconf 73' lang='lat' dir='ltr'><strong><em>it·</em></strong></span> 
     </span>
     <span class='ocr_line' id='line_1_62' title="bbox 218 5700 1137 5838; baseline 0 -19"><span class='ocrx_word' id='word_1_880' title='bbox 218 5772 289 5830; x_wconf 71' lang='lat' dir='ltr'><strong><em>prot</em></strong></span> <span class='ocrx_word' id='word_1_881' title='bbox 300 5755 374 5814; x_wconf 82' lang='lat' dir='ltr'><strong><em>i’otri</em></strong></span> <span class='ocrx_word' id='word_1_882' title='bbox 387 5752 435 5826; x_wconf 85' lang='lat' dir='ltr'><strong><em>ml,</em></strong></span> <span class='ocrx_word' id='word_1_883' title='bbox 452 5769 501 5830; x_wconf 88' lang='lat' dir='ltr'><strong><em>pto</em></strong></span> <span class='ocrx_word' id='word_1_884' title='bbox 512 5700 624 5821; x_wconf 60' lang='lat' dir='ltr'><strong><em>diserto</em></strong></span> <span class='ocrx_word' id='word_1_885' title='bbox 645 5761 814 5821; x_wconf 88' lang='lat' dir='ltr'><strong><em>ettuntiuotit</em></strong></span> <span class='ocrx_word' id='word_1_886' title='bbox 831 5750 947 5823; x_wconf 80' lang='lat' dir='ltr'><strong><em>consilio</em></strong></span> <span class='ocrx_word' id='word_1_887' title='bbox 965 5771 993 5818; x_wconf 87' lang='lat' dir='ltr'><strong><em>st</em></strong></span> <span class='ocrx_word' id='word_1_888' title='bbox 1043 5762 1137 5838; x_wconf 57' lang='lat' dir='ltr'><strong><em>cerdo.</em></strong></span> 
     </span>
    </p>
   </div>
   <div class='ocr_carea' id='block_1_4' title="bbox 0 0 1976 6132">
    <p class='ocr_par' dir='ltr' id='par_1_10' title="bbox 0 0 1976 6132">
     <span class='ocr_line' id='line_1_63' title="bbox 0 0 1976 6132; baseline 0 0"><span class='ocrx_word' id='word_1_889' title='bbox 0 0 1976 6132; x_wconf 95' lang='lat' dir='ltr'><strong><em> </em></strong></span> 
     </span>
    </p>
   </div>
  </div>
 </body>
</html>
