3900 6134
116 254 170 310 litt

366 226 583 318 nouduhrtm
604 252 742 314 turona
763 253 810 310 an
831 217 1036 309 arithmon
1056 242 1259 315 oocrnmau'
1275 235 1519 316 imhutttlia.

1718 257 1771 318 did

115 387 165 427 uas
178 372 228 428 huc
241 373 266 426 iu
283 383 405 443 lenrpore
420 384 530 446 peecata
545 382 636 429 nostra
648 370 767 439 dedere,
780 363 957 427 utaoimaed
974 383 1096 436 ottrgare,
1120 372 1141 425 si
1165 387 1214 442 per
1228 379 1331 442 portam
1354 371 1519 443 jejuniorum
1536 372 1629 444 polluti
1644 373 1769 432 volumus

115 474 215 521 nostrat
230 467 370 536 posthanc
382 469 480 534 tilam,
494 484 553 536 qum
565 477 668 539 septem
681 467 777 523 dicbus
790 467 916 532 volvitur,

115 572 130 611 a
148 558 309 629 babylonia,
329 556 355 614 id
371 569 413 614 est
426 559 552 615 infernali
571 560 741 630 captivitate,
755 559 877 615 liberatae
892 568 919 615 et

115 647 196 705 donis
210 651 293 705 sancti
306 649 421 720 Spiritus
434 651 537 720 ditatae,
549 661 576 708 et
588 668 717 708 eoronam
729 651 917 707 innnarecsci·

116 741 199 797 biletn
212 755 370 811 procursu,
388 753 415 799 ct
431 743 570 800 denarium
587 761 636 817 pro
650 744 748 802 diurno
764 744 858 799 labore
878 745 917 799 vi·

116 853 186 900 rrete,
215 853 229 891 a
257 836 330 908 ll'ege
356 852 449 909 regum
478 839 583 909 possint
608 837 756 911 gaudentes
781 837 914 907 recipere.

116 928 215 985 Arnen.

245 1041 377 1100 ,stulto
389 1043 421 1100 ll.
436 1044 471 1100 ΙΝ
482 1044 770 1111 ΟΠΑὈΒΑῦΕὸΙΜΑ.

156 1204 179 1256 l.
188 1201 311 1271 studete,
323 1203 540 1274 clrarissirni,qui
552 1212 655 1260 vestras
668 1203 773 1258 artimus
783 1211 916 1273 apeccato

116 1296 249 1352 muntiare
264 1296 377 1366 cupitis,
391 1313 426 1352 ne
440 1298 475 1352 ab
490 1296 540 1352 bac
553 1297 594 1351 via
609 1296 772 1367 jejuniorum
786 1305 813 1352 et
824 1311 917 1351 emen·

116 1389 249 1457 dationis,
273 1404 352 1456 qnam
379 1390 523 1447 tenendam
549 1389 719 1460 sumpsistis,
743 1388 835 1459 aliquo
860 1386 931 1443 tur-f

115 1482 248 1552 pitudinis
264 1481 424 1538 diverticulo
439 1483 583 1538 recedatis.
603 1482 651 1539 b'st
665 1483 737 1537 caim
753 1480 915 1553 quibusdam

116 1585 237 1630 vestrum
257 1590 290 1629 ex
307 1574 513 1645 deceptionibus
533 1574 636 1646 antiqui
656 1574 741 1630 hostis
761 1577 788 1631 in
803 1576 853 1629 bac
872 1575 917 1633 die

116 1669 238 1740 quadam
261 1669 360 1739 injecta
376 1668 560 1733 consuetodo,
578 1683 630 1725 nou
656 1677 760 1724 tamum
778 1668 915 1741 sequeutia

972 459 1095 514 intrare?

1004 553 1031 608 2.
1055 553 1180 612 Fortasse
1195 557 1260 611 milri
1278 559 1341 613 talia
1358 560 1501 631 castiganti
1524 569 1548 615 et
1570 575 1629 615 rnca
1658 573 1769 633 peccata

969 663 1028 702 cum
1045 650 1161 704 aliorum
1184 651 1372 722 iniquitatibus
1394 652 1604 723 reprehendenti
1623 654 1771 724 responde-

968 738 1007 795 bit
1033 740 1131 812 aliquis
1154 741 1317 810 emetiatur,
1342 745 1402 816 plus
1432 745 1616 815 voluptatibus
1645 746 1770 817 corporis

967 850 1047 905 quam
1061 834 1165 905 legibus
1180 837 1224 890 liei
1251 836 1381 893 obediens
1396 856 1402 892 :
1417 839 1467 904 l'u,
1481 840 1525 908 qui
1545 841 1692 894 naturalem
1711 855 1769 896 ma·

967 926 1035 983 sculi
1049 934 1077 981 et
1091 926 1197 982 lemintr
1212 928 1433 998 ctrttjunetiouenr
1449 932 1588 986 clamoris
1603 933 1738 990 vinculum
1753 949 1769 989 a

968 1019 1100 1090 principio
1113 1021 1290 1080 constitutum
1305 1020 1514 1093 disjungendum
1529 1023 1678 1094 praelitas,
1695 1023 1774 1095 onorii

967 1112 1047 1169 ruodo
1061 1113 1239 1185 impossibilia
1254 1124 1283 1171 et
1296 1115 1401 1171 inutilia
1418 1132 1507 1189 rogas,
1522 1127 1551 1172 ut
1565 1116 1770 1188 aliquojejunio

968 1207 1004 1260 ita
1019 1222 1032 1260 a
1045 1207 1177 1274 muliere,
1193 1222 1254 1278 qum
1266 1225 1324 1265 mea
1340 1224 1404 1265 caro
1420 1218 1480 1272 est,
1496 1221 1632 1282 tamqnam
1648 1227 1661 1265 a
1681 1211 1770 1282 cibis,

966 1299 1128 1355 abstineam.
1147 1298 1199 1355 Cui
1223 1316 1283 1372 ego,
1301 1303 1426 1372 quamtis
1447 1314 1584 1375 peccator,
1602 1303 1672 1358 lacili
1695 1304 1769 1360 dictu

969 1391 1137 1461 respondebo
1156 1412 1162 1446 :
1181 1393 1248 1459 Quia
1274 1386 1343 1450 be'us
1365 1396 1435 1451 botta
1451 1395 1544 1451 saeculi
1568 1412 1621 1451 tran
1646 1395 1721 1452 dedit
1742 1404 1772 1453 ut

967 1485 1124 1552 abttlamur,
1139 1485 1185 1540 scd
1204 1495 1233 1540 ut
1245 1485 1318 1557 juste
1336 1495 1454 1542 ulatnor.
1472 1485 1632 1558 Coniugium
1647 1488 1769 1556 etenim,

966 1576 1036 1631 sicut
1054 1584 1082 1631 el
1095 1584 1203 1632 caeterae
1222 1578 1325 1633 diviti-,e
1345 1580 1453 1646 muntii,
1469 1581 1532 1633 dunt
1545 1580 1619 1650 juste
1643 1590 1770 1649 tenetur,

967 1670 1067 1725 bonurn
1084 1681 1140 1739 esl;
1156 1671 1219 1727 dnm
1231 1671 1345 1741 injuste,
1359 1673 1475 1728 vertitur
1486 1674 1511 1726 io
1527 1685 1678 1743 peccalum.
1692 1671 1771 1730 Unde

116 1772 246 1834 quantum
261 1762 447 1834 dt=spieienda3
462 1762 534 1834 quod
550 1778 599 1834 pro
615 1762 772 1818 solocarnis
784 1763 854 1828 cibo,
871 1763 917 1834 qui
931 1748 956 1822 ll
970 1761 1116 1834 Gregorius
1136 1782 1142 1816 :
1165 1765 1291 1836 quicquid
1307 1765 1345 1819 'ad
1368 1781 1445 1820 usum
1467 1765 1529 1820 vitas
1549 1767 1716 1836 accipimus,
1737 1766 1771 1823 ad

117 1857 195 1912 nubis
211 1857 291 1913 bodie
307 1874 360 1914 noo
378 1859 495 1923 tollitur,
514 1856 614 1928 potatis
630 1874 678 1912 vos
694 1874 801 1913 ortructn
821 1874 918 1929 corpo·

117 1948 154 2004 ris
176 1949 384 2006 delectationem
407 1959 434 2005 et
453 1966 568 2021 quaeque
591 1953 677 2021 turpia
703 1965 781 2020 posse
804 1952 917 2007 licenter

116 2042 238 2112 operari,
256 2043 307 2098 lrac
322 2043 430 2099 inventa
446 2046 472 2098 in
486 2044 562 2100 vobis
576 2045 737 2110 occasione,
754 2056 783 2102 tlt
804 2044 866 2117 quia
886 2045 918 2102 li-

115 2138 198 2194 citum
222 2148 264 2194 cst
290 2138 365 2194 robis
388 2139 515 2194 carnibus
543 2140 631 2204 vesci,
658 2138 760 2195 licitum
785 2140 916 2196 sitetiaru

115 2233 206 2287 carnis
220 2231 403 2300 voluptatibus
419 2231 469 2287 uti.
492 2233 555 2287 llaec
578 2233 651 2288 enim
666 2249 747 2302 opera
765 2249 817 2289 non
838 2231 916 2289 Chri·

116 2324 265 2380 stianorum
294 2334 375 2392 stmt,
391 2323 439 2379 sed
453 2340 629 2394 paganorum.
644 2324 743 2396 Pagani
765 2327 853 2391 cuitu,
870 2324 916 2396 qui

115 2426 142 2473 cl
156 2418 271 2488 gentiles
284 2427 425 2484 vocantur,
442 2417 556 2473 deorum
571 2434 701 2484 strarant,
721 2417 747 2473 itl
762 2427 803 2474 cst
817 2418 914 2489 loris,

116 2509 243 2578 Saturni,
259 2508 387 2564 lllnervm
401 2519 428 2564 et
444 2509 556 2565 teneris
579 2509 759 2566 testivitatem
774 2510 914 2580 colentes,

116 2611 177 2675 post
190 2604 350 2659 immensam
364 2603 417 2659 eibi
432 2611 459 2658 et
480 2610 560 2675 patus
575 2603 751 2658 voracitatem
772 2615 916 2675 turpesque

114 2698 346 2763 comessationes,
361 2696 405 2752 ad'
418 2697 570 2760 theatrum,
587 2696 658 2766 qtrod
683 2706 711 2752 et
730 2697 843 2767 lupanar
867 2713 916 2753 ro-

114 2801 205 2858 catur,
224 2789 296 2845 lorus
308 2790 442 2845 civitatem
457 2789 675 2845 conveniebant:
692 2789 781 2860 ibique
797 2789 914 2859 primum

111 2881 182 2952 jocis
194 2880 293 2936 diversi
307 2881 430 2951 generis,
445 2880 478 2935 atl
494 2881 616 2935 ultimum
630 2896 692 2935 cunr
707 2880 914 2948 nrcrctricibns,

113 2989 175 3043 quae
190 2974 217 3028 io
229 2973 353 3029 eatenus
363 2973 486 3043 ejusdem
500 2973 596 3027 theatri
608 2972 738 3036 latebant,
752 2972 915 3028 luxuriando
939 2989 943 2995 ·

114 3079 229 3135 corpora
245 3064 403 3136 fatigabant.
419 3064 459 3119 Ad
477 3067 545 3119 banc
564 3066 646 3131 igilur
665 3064 838 3134 turpitudinis
861 3066 913 3118 im·

971 1862 1048 1910 usum
1063 1855 1188 1912 vitiorum
1201 1857 1375 1914 rrllectirnus.
1390 1859 1444 1914 Nec
1456 1873 1506 1930 ego
1527 1859 1645 1928 praedico
1660 1870 1712 1914 tatu
1729 1857 1773 1915 s'a·

969 1959 1051 2004 cratae
1066 1949 1206 2005 societatis
1218 1951 1416 2029 separationem
1431 1993 1438 2017 ‚
1453 1950 1500 2005 sed
1516 1949 1548 2006 atl
1565 1952 1647 2007 breve
1666 1960 1773 2021 ternpus

969 2060 1049 2099 xuxvr
1063 2045 1166 2100 dierunt
1190 2044 1280 2100 indico
1293 2044 1485 2101 abstinentiam
1502 2054 1525 2097 ι.
1547 2040 1613 2100 Natn
1632 2045 1696 2115 quid
1711 2061 1773 2117 pro·
1870 2044 1875 2050 '

968 2136 1029 2193 dest
1041 2138 1178 2194 abstinere
1192 2155 1207 2193 a
1221 2136 1367 2202 carnibus,
1383 2147 1410 2193 el
1424 2135 1542 2193 carnalia
1558 2152 1640 2208 opera
1654 2149 1709 2192 nort
1726 2137 1774 2194 de·

969 2232 1089 2300 ponere?
1104 2229 1155 2300 Qui
1172 2231 1244 2288 enirn
1268 2240 1408 2286 totoanno
1431 2229 1457 2285 in
1480 2229 1521 2285 bis
1535 2240 1562 2286 cl
1585 2231 1646 2285 aliis
1668 2226 1773 2286 deliciis

969 2329 1073 2400 positus
1088 2329 1200 2395 vixisti,
1216 2327 1313 2383 saltent
1337 2327 1364 2382 in
1380 2326 1431 2383 boc
1450 2341 1533 2398 parvo
1548 2327 1636 2396 spali'o
1651 2341 1701 2398 pro
1716 2325 1772 2381 lleo

968 2438 1076 2478 cessare
1088 2423 1182 2479 dobes.
1195 2419 1251 2478 Cur
1263 2422 1335 2478 enim
1349 2422 1418 2477 vira
1434 2421 1535 2477 virtute
1549 2421 1675 2492 corporis
1692 2435 1773 2476 voca-

968 2517 1024 2584 ris,
1038 2517 1060 2572 si
1076 2517 1146 2572 lratrc
1157 2517 1286 2570 virtulem
1302 2516 1329 2569 in
1344 2514 1435 2569 aninlo
1450 2530 1502 2569 noo
1519 2512 1663 2581 habueris,
1680 2523 1707 2566 ut
1724 2526 1773 2582 pro

968 2608 1040 2676 Deo,
1061 2609 1104 2679 qni
1121 2608 1168 2662 tibi
1184 2605 1378 2667 concludedit,
1395 2613 1451 2660 eta
1467 2620 1519 2675 quo
1534 2604 1655 2676 quotidie
1670 2602 1772 2674 majora

968 2700 1052 2770 pelis,
1070 2699 1174 2756 decima
1191 2709 1267 2769 parte
1279 2696 1342 2752 antri
1354 2694 1480 2767 jejunare
1493 2710 1546 2750 non
1561 2695 1665 2766 possis?

1004 2792 1030 2848 5.
1052 2791 1118 2848 Naro
1141 2793 1262 2863 quisquis
1282 2789 1417 2845 subtiliter
1433 2791 1568 2853 intuetur,
1585 2804 1638 2843 non
1654 2786 1772 2857 amplius

967 2903 1048 2958 qnam
1064 2896 1147 2941 xxxva
1163 2885 1237 2951 dies,
1252 2882 1297 2954 qui
1321 2892 1384 2939 sunt
1399 2882 1513 2939 decimae
1534 2882 1598 2937 arani
1611 2925 1618 2947 ,
1633 2882 1660 2937 in
1676 2878 1772 2936 eadem

968 2979 1132 3034 abstinentia
1157 2956 1430 3048 reperittntnrsCnm
1460 2972 1532 3030 enim
1557 2989 1645 3029 annus
1669 2973 1773 3044 integer

967 3086 1080 3127 cccxxvi
1095 3067 1192 3125 diebus
1207 3075 1333 3131 constet,
1350 3067 1372 3121 sl
1388 3064 1583 3121 subtrabuntur
1597 3080 1713 3130 cccxxx,
1731 3060 1773 3119 to'·

113 3156 290 3222 munditiam,
302 3157 451 3214 morosius
463 3156 561 3213 Pardus
573 3168 679 3223 narrat,
695 3159 765 3212 idern
778 3158 914 3226 diabolus,
928 3148 953 3214 G
970 3165 1052 3219 tidem
1067 3173 1132 3234 quot
1146 3163 1200 3220 dixi
1215 3160 1395 3231 dies,Je]unio
1406 3166 1576 3218 consecrant.
1592 3157 1693 3212 tiorum
1707 3172 1774 3227 ergo

113 3251 355 3322 querneolrbaot,
381 3252 441 3305 illos
460 3252 638 3322 provocabal;
661 3259 690 3305 ul
710 3250 753 3305 cui
775 3250 919 3306 solvebant

113 3343 279 3399 sacrillcium
298 3343 333 3400 de
353 3344 470 3398 victimis
485 3342 659 3411 animalium,
674 3343 812 3398 solverent
832 3336 920 3398 ettam

112 3439 277 3494 sacriticium
292 3438 326 3494 tle
341 3438 443 3494 viribus
457 3439 626 3509 propriorum
642 3451 799 3508 corporum.
816 3435 914 3492 illabo-

111 3531 155 3586 lus
171 3532 243 3587 caim
259 3531 377 3602 pollutus
393 3541 419 3587 et
435 3531 590 3587 immundus
605 3540 658 3597 est,
675 3531 805 3609 pollulum
819 3540 846 3586 et
861 3530 914 3586 im·

22 3682 26 3689 ,
111 3624 244 3680 mundum
260 3625 422 3682 sacrilieittm
445 3626 494 3680 sibi
517 3626 651 3695 requirit:
675 3625 746 3681 tttrdc
762 3624 912 3696 pelliceus,

111 3715 140 3773 id
155 3725 196 3773 esl
209 3717 288 3789 pellis
303 3718 388 3789 gratia
405 3718 612 3788 interpretatur,
628 3717 690 3787 qnia
708 3717 820 3772 multum
836 3718 915 3772 luxat-

110 3807 153 3864 ria
172 3808 339 3879 delectatur,
360 3826 420 3881 quae
446 3812 523 3883 pellis
545 3810 747 3881 pulchritudine
766 3812 911 3868 excitatur.

110 3901 166 3958 Sed
180 3908 310 3974 quantum
326 3903 409 3960 distat
421 3905 492 3960 inter
504 3904 662 3960 servitutem
683 3905 730 3961 llei
751 3913 778 3960 et
793 3904 911 3970 diaboli,

111 4002 218 4052 tautum
231 3997 304 4054 inter
318 3997 400 4052 vitam
416 3998 524 4054 illorum
544 4000 589 4069 qui
604 4015 618 4053 a
640 3997 749 4055 Christo
763 3996 912 4057 Christiani

110 4087 254 4157 dicuntur,
271 4101 297 4146 et
312 4090 416 4147 illorum
432 4091 477 4163 qui
498 4091 606 4148 diabolo
621 4085 719 4147 subditi
742 4095 768 4148 in
785 4094 911 4152 omnibus

110 4180 286 4238 famulantur.
302 4183 417 4256 Propter
430 4185 482 4240 boc
495 4179 656 4240 cessandum
673 4195 729 4253 cst,
746 4185 855 4253 tratres,
878 4187 912 4244 ab

110 4271 163 4328 lrac
174 4283 202 4328 et
215 4275 332 4332 ahotnni
347 4277 416 4331 mala
428 4277 623 4332 consuetudine
637 4277 762 4348 praesenti
776 4277 829 4343 die,
843 4293 912 4349 quo-

110 4364 183 4420 niam
200 4366 258 4421 lracc
273 4366 333 4423 dies
344 4384 396 4424 nun
412 4369 499 4424 solnm
514 4380 593 4438 capul
610 4379 651 4424 est
663 4370 846 4439 jejtrniortnn,
863 4371 912 4430 sed

110 4457 195 4512 eliam
205 4461 375 4515 seculorum.
388 4462 435 4517 Est
447 4463 537 4532 ilatpre
551 4479 648 4535 magno
659 4465 730 4520 cultu
741 4475 768 4520 et
779 4464 914 4538 religione

969 3272 1017 3312 sex
1043 3256 1168 3319 dierum,
1189 3254 1234 3324 qni
1251 3252 1331 3308 etiam
1354 3267 1415 3307 eunt
1438 3251 1494 3305 suis
1509 3248 1632 3305 noctibus
1647 3264 1680 3304 ct
1697 3247 1773 3303 horis

968 3356 1104 3412 cottstant,
1117 3346 1220 3402 decima
1232 3359 1295 3416 pars
1311 3360 1347 3399 xv
1362 3344 1435 3398 bone
1447 3351 1519 3398 sunt.
1537 3341 1590 3399 Sed
1602 3342 1664 3412 quia
1679 3342 1714 3397 ex'
1728 3338 1770 3412 i'p-

968 3442 1007 3496 sis
1021 3444 1151 3512 integram
1168 3438 1237 3494 diam
1254 3453 1315 3493 eum
1338 3435 1462 3507 sequenti
1477 3443 1556 3490 rroete
1574 3435 1702 3505 colligere
1717 3434 1777 3491 non‘

968 3535 1108 3599 valetnus,
1136 3530 1349 3602 qumnfpratlato
1371 3544 1487 3584 numero
1514 3527 1644 3583 addentes
1667 3522 1777 3597 jeiunio'

968 3626 1171 3698 mancipemus,
1185 3638 1248 3679 usus
1267 3622 1468 3678 ecclesiasticus
1489 3621 1583 3678 statuit
1594 3663 1601 3687 ‚
1612 3629 1640 3676 ut
1652 3620 1723 3691 quod
1744 3622 1771 3677 in

967 3718 1014 3775 illa
1026 3732 1079 3773 uon
1090 3716 1230 3782 redditur,
1247 3717 1273 3770 iu
1295 3714 1439 3770 dominicis
1455 3710 1550 3770 diebus
1566 3713 1686 3783 ejusdem
1703 3723 1772 3768 tem·

967 3811 1052 3882 poris,
1066 3828 1080 3864 a
1092 3825 1175 3866 carne
1186 3821 1235 3865 eta
1251 3806 1406 3864 carnalibus
1417 3798 1770 3877 voluptatibusjijtrrrantlo,

967 3908 1159 3978 adimpleatur.
1175 3905 1203 3961 lu
1220 3906 1262 3960 bis
1274 3904 1387 3968 etenim,
1400 3902 1461 3973 quia
1473 3904 1499 3958 itt
1516 3897 1575 3973 i'pso
1591 3898 1638 3957 Dei
1656 3900 1767 3956 nurnine

967 4001 1066 4058 sacrati
1085 4010 1164 4066 mitt,
1182 3998 1353 4070 refrigerium
1374 3996 1426 4052 eibi
1442 3990 1608 4065 impenditur
1620 4002 1647 4048 ct
1661 3992 1770 4049 licentia

967 4096 1097 4165 peccandi
1120 4093 1297 4150 subtrabitur.
1319 4087 1404 4146 batto
1423 4087 1520 4156 nobis,
1536 4087 1607 4159 quod
1630 4087 1711 4141 vitam
1731 4085 1772 4141 al-

968 4188 1022 4244 lert
1036 4199 1063 4243 et
1078 4187 1177 4244 melius
1199 4197 1240 4240 est
1253 4202 1260 4252 ;
1275 4181 1442 4239 subtrabitur
1458 4178 1548 4246 nobis,
1563 4178 1642 4251 quod¹
1652 4187 1768 4233 mortem

968 4281 1046 4338 allert
1059 4292 1086 4337 et
1103 4279 1178 4351 pejus
1193 4286 1244 4334 est.
1267 4275 1344 4344 Quod
1365 4275 1388 4330 si
1405 4274 1454 4329 hos
1471 4272 1543 4328 vitiis
1562 4283 1590 4326 et
1607 4271 1709 4355 earrrali
1729 4269 1778 4325 iu-‘
1797 4331 1804 4338 ,

967 4377 1144 4447 qtrinameoto
1160 4388 1213 4427 ttott
1228 4368 1416 4439 polluerimus,
1434 4363 1557 4436 prolecto
1570 4379 1602 4417 cx
1619 4361 1660 4416 bls
1676 4363 1771 4430 plenas¹

968 4470 1065 4541 integri
1080 4466 1140 4521 anni
1153 4463 1272 4520 decimas
1288 4466 1483 4516 restauramus.
1506 4455 1559 4512 Sed
1577 4456 1705 4525 qtroniam
1722 4469 1773 4510 no·

111 4553 282 4621 veneranda,
297 4564 325 4610 et
344 4571 397 4609 lton
414 4555 566 4612 libidinosis
586 4557 768 4628 voluptatibus
785 4560 915 4629 polluen-
927 4531 1012 4618 ¹>bis
1024 4576 1101 4616 sacro
1114 4558 1188 4615 totale
1203 4555 1377 4628 regeneratis,
1390 4561 1418 4608 ct
1432 4568 1484 4606 non
1495 4551 1548 4621 iant
1564 4548 1707 4614 ssttlrllll'l.
1722 4541 1778 4604 ⁸⁰d¹

109 4643 156 4710 da,
182 4647 244 4717 quia
272 4648 381 4703 nominc
405 4656 432 4702 et
451 4650 582 4721 mysterio
606 4665 661 4719 prnr
676 4651 782 4704 caeraris
807 4651 917 4708 ridetur

109 4752 173 4795 esse
184 4741 421 4796 sacrata.llocator
431 4750 522 4798 aulem
537 4757 552 4797 a
565 4742 679 4798 bontino
692 4743 751 4799 dies
762 4744 912 4814 dominico,

108 4833 184 4901 quod
196 4849 256 4889 cant
272 4834 298 4890 to
313 4836 410 4913 ordine
425 4836 529 4893 dierum
545 4837 657 4908 primam
673 4839 781 4908 posuit,
797 4851 823 4895 el
840 4845 912 4913 quod

109 4934 238 4996 superata
251 4937 351 4993 morte,
368 4943 447 4999 quam
463 4945 513 4998 pro
532 4931 610 4986 nobis
630 4926 748 5003 indignis
770 4934 913 5004 suscepit,

108 5019 236 5091 victoque
251 5022 376 5089 inimico,
397 5021 430 5078 de
445 5023 522 5094 cujus
537 5038 585 5077 nos
601 5031 736 5092 potestate
751 5025 860 5095 rapuit,
882 5027 911 5081 iti

109 5128 142 5169 ea
156 5123 281 5184 potenter
295 5129 310 5168 a
324 5115 438 5170 mortuis
463 5117 628 5184 resurrexit,
645 5124 672 5173 ct
694 5119 720 5172 io
737 5119 840 5177 bonore
853 5136 911 5177 suae

110 5206 321 5262 resurrectionis
335 5206 413 5263 nobis
427 5207 499 5263 illam
513 5209 654 5265 colendam
670 5212 819 5267 constitnit.
838 5214 913 5281 Quo·

109 5303 193 5358 modo
214 5303 294 5373 igilur
315 5303 439 5372 cupimus
453 5318 466 5355 a
482 5311 569 5359 morte
590 5303 688 5360 antron
702 5321 864 5377 resurgere,
888 5307 913 5362 si

109 5391 183 5448 diem
196 5394 404 5450 resurrectionis
416 5395 557 5452 dominice
569 5397 695 5454 nolumus
711 5396 914 5456 bonorarel'Et

109 5500 163 5555 qua
186 5486 297 5544 ratione
321 5472 445 5560 putatmus
470 5501 574 5548 mentes
600 5502 707 5549 nostras
734 5509 781 5564 per
807 5493 910 5564 jejunia

147 5619 346 5706 ¹¹Notissimunt
360 5637 412 5693 est,
426 5631 595 5703 conjugalem
606 5633 831 5705 quadragesimali
843 5644 913 5689 teru-

112 5706 179 5777 pore
192 5692 385 5754 abstinentiam
399 5699 426 5755 in
449 5699 621 5761 diversorum·
631 5705 743 5761 Petrum
755 5705 874 5760 honulttr
883 5714 922 5762 et*

109 5777 302 5836 episcoporum
320 5779 440 5827 veterum
454 5775 672 5833 sacramentariis
685 5777 786 5849 aliquot
801 5790 916 5849 magno·

970 4654 1027 4712 veri
1043 4653 1105 4724 agui
1125 4666 1221 4707 earnes
1236 4645 1457 4720 degustantibus,
1474 4642 1574 4699 dietum
1589 4640 1623 4698 ab
1639 4643 1698 4712 ipso
1721 4640 1773 4696 llll·-
1794 4711 1796 4715 y

969 4751 1058 4816 mino,
1079 4748 1129 4803 trial
1140 4744 1305 4800 obattdttrert‘t
1322 4740 1429 4812 jttsti‘lt'tt
1445 4748 1528 4794 aestro
1542 4737 1680 4810 plusquam
1696 4732 1771 4792 Scri'·

970 4842 1058 4899 barton
1091 4851 1114 4895 et
1136 4838 1346 4903 Pitortaoeorttat,
1374 4849 1425 4887 nott
1452 4829 1581 4885 intrabitis
1610 4826 1637 4883 tn
1657 4829 1780 4901 bcqttttttt‘

969 4937 1108 5001 coeloram·
1127 4930 1217 4988 statuit
1231 4928 1380 4985 christiana
1399 4922 1504 4996 religio,
1515 4932 1544 4979 nt
1558 4937 1611 4977 non
1623 4923 1710 4976 solum
1724 4922 1779 4975 bos

972 5030 1080 5102 triginta
1103 5042 1151 5083 sex
1174 5034 1284 5095 propter
1304 5019 1367 5075 anni
1383 5019 1522 5084 declaras,
1542 5014 1685 5072 sedetiam
1709 5012 1778 5066 ettxtl‘

970 5125 1150 5196 his,qualuor
1164 5120 1208 5190 qui
1229 5133 1243 5173 a
1271 5114 1360 5187 capite
1381 5111 1478 5185 jejunii
1500 5108 1646 5190 inchoant,
1663 5104 1778 5174 parapter

969 5220 1036 5275 lauti
1048 5208 1169 5290 mysterii
1182 5211 1389 5285 perlectionem,
1405 5220 1439 5261 xt
1450 5203 1509 5259 dies
1526 5203 1551 5256 in
1565 5197 1697 5270 jejunium
1711 5200 1772 5289 narr·-

968 5321 1049 5370 taret.
1062 5309 1119 5366 lloc
1133 5307 1234 5364 etenim
1251 5299 1483 5376 quadragesimale
1496 5290 1628 5366 ieiunium
1647 5291 1779 5354 rttagnattt'

969 5407 1162 5465 auctoritatem
1180 5401 1262 5459 babet
1277 5408 1304 5455 et
1319 5412 1334 5451 a
1356 5395 1426 5464 Lege
1448 5400 1475 5445 ct
1496 5403 1512 5443 a
1530 5381 1675 5454 Prophetis
1690 5390 1716 5435 et
1738 5376 1781 5436 all

971 5499 1132 5572 Evangelio.
1147 5494 1213 5552 Natn
1229 5489 1367 5564 legislator
1383 5486 1501 5556 Moyses,
1517 5486 1545 5535 ut
1559 5479 1645 5549 legem
1666 5474 1775 5545 accipe·-

971 5652 1037 5710 pere
1058 5649 1119 5693 esse
1138 5626 1378 5709 cotrtmendatam,
1398 5619 1521 5692 quamvis
1539 5630 1601 5702 eam
1625 5628 1773 5685 numquam

971 5698 1293 5777 amramlrtnpertm
1304 5693 1428 5754 dtstrlote
1440 5691 1574 5748 Ecclesia.
