3900 6134
144 254 198 311 sss
831 250 1101 311 onoteconmtt.
1743 280 1796 334 5„

141 372 202 422 tuan
215 364 302 424 rideri
315 367 399 426 debet
418 384 425 423 ι
443 378 505 423 nam
523 380 578 440 qno
589 369 651 441 lure
666 366 827 423 Antbroslus
842 383 942 439 expro-
958 372 1092 439 ,ansata
1106 367 1267 428 instituisse.
1279 373 1317 429 lta
1331 374 1456 434 divinans
1469 379 1507 434 ait
1518 380 1564 438 laic
1577 394 1692 454 auctor,
1708 402 1737 445 ιιι
1749 393 1799 465 lay·

141 458 253 515 bratura
268 458 309 517 ire
331 466 440 532 poterat
461 461 657 528 Orientalibus,
683 461 848 518 declinatum
863 462 897 518 ab
912 461 945 518 iis
998 461 1104 533 potbesi
1120 479 1176 519 sum
1198 464 1337 524 inserviat.
1353 466 1389 525 lit
1406 486 1456 542 ego
1477 474 1574 531 iterum
1596 494 1711 552 quaro,
1736 488 1798 558 quis

141 555 288 612 concillum
312 556 379 612 iliud
402 571 499 626 soom,
520 572 535 613 a
554 571 609 630 qno
624 557 696 613 nulia
717 558 822 613 ratione
846 555 947 628 pende·
998 554 1171 613 lltnbrosium
1200 569 1359 629 monuerat,
1385 562 1538 624 orientales
1564 574 1698 643 synodum
1724 579 1797 635 illam

142 648 228 706 mma
247 649 290 706 A„
310 662 375 706 vesp
397 660 529 721 proterea
550 652 640 708 uocati
656 649 809 708 orientales
824 651 876 721 ipsi
891 650 948 721 epi·
998 660 1073 703 suam
1091 651 1240 708 instituisse
1255 668 1317 709 eum
1329 654 1356 710 in
1373 655 1453 714 linem
1467 700 1474 723 ,
1489 670 1516 714 at
1528 661 1674 722 Romanam
1687 669 1800 727 declina-

143 744 220 813 eeopi
234 743 268 797 atl
287 742 354 799 illud
368 742 492 799 fuerant?
511 743 656 815 Reliquum
673 744 753 815 igitur
773 749 830 810 est,
847 748 946 799 utter-
998 743 1074 798 rent?
1086 741 1128 801 Αιι
1141 761 1207 803 vero
1220 764 1273 804 non
1287 760 1430 820 poterant,
1452 757 1558 818 synodo
1572 759 1620 815 illa
1634 764 1760 821 conlecta
1773 768 1800 822 in

145 835 213 890 nn
227 834 330 905 eligas,
350 845 432 907 atotre
454 838 511 893 ltaec
532 835 635 893 reterns
648 835 681 892 atl
701 835 766 891 illntl
780 835 947 903 concilium,
999 833 1173 894 Occidentem
1186 840 1331 897 commodo
1346 852 1438 913 postea
1454 860 1515 903 sese
1525 850 1669 910 cottimrei
1683 856 1738 913 lies
1751 858 1802 915 ita-

147 928 221 1000 qrod
242 942 278 986 ex
294 928 454 987 Occidentis
475 936 504 988 et
528 928 647 987 Orientis
661 929 797 1000 episcopis
819 929 949 1000 colligen-
1000 940 1055 1001 que
1068 944 1102 985 eo
1124 946 1231 1003 semper
1245 931 1332 1002 redit,
1357 944 1386 991 ut
1406 938 1457 994 hac
1479 941 1514 995 dc
1529 957 1558 998 re
1573 943 1618 1001 ille
1631 957 1723 1005 ccrttts
1741 967 1802 1009 esan

147 1025 215 1080 aaa„
227 1025 358 1082 porussos
372 1022 466 1082 nomm
480 1033 697 1092 convocaverat,
717 1038 748 1081 ae
760 1024 858 1081 deinde
877 1038 949 1081 annu
1002 1037 1054 1077 non
1072 1037 1176 1092 posset,
1196 1035 1341 1100 antequam
1355 1022 1534 1090 Orientalium
1554 1040 1712 1098 eorumdem
1728 1044 1803 1104 litte·

146 1118 199 1174 ω
208 1117 267 1188 jam
279 1122 395 1176 emme
407 1128 531 1176 comm„
546 1115 605 1191 (pp,
620 1118 656 1175 pp
666 1118 690 1175 gp
705 1119 757 1175 poc
771 1120 882 1187 asserto,
900 1132 950 1175 ne·
1002 1118 1058 1182 rae,
1072 1115 1172 1186 quibus
1186 1133 1247 1174 sese
1263 1135 1482 1195 excusaverant,
1496 1127 1611 1187 Romam
1626 1133 1716 1191 allatae
1739 1137 1800 1196 inis·

146 1209 362 1268 caesarienses}
375 1211 458 1268 debes
469 1213 630 1276 ambrosio,
645 1224 676 1268 ac
689 1211 796 1269 caeteris
810 1208 862 1268 iilis
875 1206 950 1266 itali·
1002 1214 1064 1263 sent
1076 1249 1082 1273 ‚
1094 1218 1175 1280 attpne
1185 1206 1280 1268 eadem
1295 1213 1396 1272 idcirco
1405 1217 1549 1277 dilitcultas
1560 1237 1693 1296 perpetuo
1702 1243 1803 1290 mana.

146 1303 188 1358 eh
203 1305 339 1376 W
350 1304 501 1362 mmm
513 1304 588 1377 jam,
602 1317 663 1361 cum
676 1305 845 1371 serapem,
860 1303 954 1361 ponet.
1040 1299 1151 1366 Quinto.
1175 1303 1213 1358 ab
1224 1296 1324 1361 italicis
1336 1309 1470 1381 episcopis
1483 1312 1615 1372 Maximus
1635 1319 1672 1375 ad
1682 1336 1805 1381 commu·

146 1396 216 1454 „um
231 1399 527 1457 „morienmlibm
546 1406 624 1458 ww
643 1399 700 1471 jam
714 1397 885 1464 septemium,
907 1405 955 1455 out
1005 1391 1114 1448 nionem
1136 1407 1262 1466 receptus
1284 1393 1395 1466 dicitnr,
1411 1406 1533 1474 quoniam
1549 1423 1608 1464 eam
1629 1429 1645 1466 a
1670 1415 1807 1472 catltolicis

148 1488 353 1547 meinrodum.
375 1488 452 1549 Nilne
473 1504 538 1549 teto
554 1490 611 1548 baec
625 1490 706 1549 velim
729 1484 871 1548 observes.
888 1490 954 1546 tna
1006 1477 1120 1540 &infidi
1139 1484 1265 1558 ⁶9mest
1288 1491 1447 1549 mmmm·
1468 1496 1570 1569 ⁰⁰⁹¹ss
1595 1512 1687 1561 ”Mill
1709 1508 1736 1563 itt
1755 1508 1809 1566 ¹¹⁰0

151 1584 263 1640 micat
276 1591 391 1642 euntem
407 1583 487 1657 antro
498 1584 563 1641 attttl
584 1585 651 1642 nibil
665 1585 704 1641 illi
718 1579 814 1642 deboc
826 1583 951 1642 nomam
1008 1587 1147 1648 leitilllum
1170 1581 1253 1649 ῑῑῑθὸῑι
1268 1584 1355 1656 li¹⁰¹⁰
1371 1597 1465 1646 ⁰⁰¹¹O²
1480 1590 1619 1651 Nissaeffl'ffl
1635 1614 1698 1655 ⁶²¹¹·
1712 1603 1740 1670 5,
1753 1619 1808 1676 ‘1¹¹0

150 1677 269 1734 esaeitio
290 1677 500 1745 intellexerant,
516 1688 632 1750 cumque
652 1676 835 1734 a'l'lteodosio
854 1670 955 1746 acciti,
1008 1668 1133 1742 edicitur,
1159 1693 1198 1731 ne
1213 1679 1275 1751 quis
1295 1679 1411 1753 eiectus,
1431 1687 1465 1741 ab
1483 1685 1544 1744 aliis
1570 1692 1734 1762 recipiatura
1753 1713 1809 1768 quo

146 1769 228 1840 jaste
247 1769 347 1826 litterar
368 1767 541 1843 Aquileiensis
562 1769 666 1826 concilii
691 1767 955 1841 Constantinopolim
970 1770 995 1832 Β
1010 1765 1147 1838 onesimo,
1166 1786 1331 1844 quamquam
1351 1776 1560 1847 absurdissime,
1581 1788 1726 1846 utebantur
1750 1791 1810 1849 liri

152 1864 311 1933 maenti,
326 1865 457 1920 certiores
472 1862 536 1920 lacti
551 1874 606 1920 tum
621 1862 686 1919 illud
702 1862 845 1920 allamasn
858 1876 960 1919 convo-
1010 1860 1142 1933 episcopi,
1156 1880 1189 1919 ne
1203 1860 1371 1953 Caelestinus
1385 1869 1432 1937 iis,
1448 1887 1519 1942 quos
1534 1873 1587 1945 ipsi
1600 1877 1807 1953 damnaueraat,

152 1968 264 2021 attare,
282 1965 340 2014 tunt
354 1973 385 2015 se
397 1968 543 2028 evocatos,
559 1960 600 2015 rei
615 1956 735 2014 nouitate
759 1957 898 2027 perculsos
922 1952 961 2010 la·
1010 1955 1229 2012 communionem
1246 1959 1324 2015 daret
1337 1960 1388 2034 (e).
1405 1954 1508 2021 Deinde
1520 1982 1575 2037 quo
1591 1980 1670 2038 paeto
1684 1971 1736 2029 boc
1757 1977 1809 2033 sibi

155 2062 263 2120 tentor,
274 2067 307 2110 ac
319 2053 423 2125 tegam
434 2053 546 2108 mittunt
556 2064 617 2107 eum
628 2048 742 2116 litteris,
756 2047 960 2121 quibuscausas
1012 2048 1121 2105 licuisse
1142 2059 1270 2121 putarunt
1285 2049 1369 2108 italici
1385 2049 1425 2110 illi
1439 2056 1569 2125 praesules
1588 2060 1743 2121 inconsulto
1759 2067 1812 2124 tla-

153 2154 308 2219 expomnrt,
332 2147 477 2219 quominus
491 2147 587 2203 adesse
602 2160 697 2201 omncs
712 2152 825 2216 possent
840 2141 891 2216 (a).
906 2138 960 2199 iias
1013 2153 1089 2194 maso
1103 2139 1226 2197 [inmane
1239 2143 1379 2215 episeopo,
1396 2146 1441 2216 qui
1456 2142 1603 2205 Maximum
1617 2154 1753 2226 reiecerat
1763 2158 1775 2213 i
1787 2160 1813 2216 si

154 2254 223 2298 seeo
234 2243 338 2298 litteras
351 2241 467 2312 scriptas
480 2238 563 2297 luisse
575 2247 682 2296 constat
692 2247 749 2308 post
761 2233 873 2292 mediam
885 2242 962 2292 asta-
1012 2233 1086 2289 enim
1101 2234 1251 2304 apostolico
1265 2250 1327 2293 can.
1343 2230 1379 2294 st
1399 2239 1552 2309 delinitum,
1573 2254 1656 2320 atque
1676 2255 1813 2310 constanti

155 2333 506 2405 remuneratricem
518 2332 666 2398 inclinato,
681 2328 846 2402 auteiapso,
861 2340 962 2401 ensqne
1013 2320 1143 2383 Ecclesiae
1154 2328 1298 2400 disciplina
1321 2342 1462 2403 receptum
1478 2334 1566 2392 iuerat
1581 2339 1692 2412 ubique,
1708 2353 1739 2400 ut
1753 2348 1811 2420 epi

153 2429 193 2485 se
209 2428 346 2500 episopis
368 2426 439 2493 iliis,
462 2440 530 2498 qttos
553 2425 658 2496 legatos
680 2423 831 2490 miserant,
854 2416 960 2476 allatas.
1014 2420 1088 2490 scopi
1109 2421 1321 2497 uniuscujusque
1335 2425 1424 2497 gentis
1441 2443 1506 2485 eum
1528 2443 1650 2500 nossent,
1665 2439 1711 2506 nui
1730 2439 1758 2495 in
1779 2441 1814 2499 iis

154 2520 235 2576 iture
246 2532 340 2591 quero
351 2521 399 2574 abs
415 2527 458 2586 te,
471 2530 589 2590 monam
604 2515 668 2571 ancil
683 2514 755 2572 iilius
775 2524 868 2569 mense
885 2520 962 2583 putas
1014 2512 1116 2585 primns
1131 2523 1214 2582 essct,
1234 2530 1296 2572 eum
1307 2521 1496 2589 observarent,
1510 2536 1541 2578 ut
1555 2537 1636 2598 caput
1649 2538 1676 2584 et
1689 2530 1755 2588 nibil
1771 2533 1814 2590 ia-

155 2615 220 2671 ittos
233 2613 537 2686 pervenisseliomtm,
553 2603 963 2676 utbmbrosiuscaeterinueilii
1014 2613 1119 2674 cerent,
1144 2606 1215 2678 quod
1242 2611 1332 2681 magni
1352 2614 1484 2670 moonenti
1511 2627 1596 2684 esset,
1620 2629 1720 2690 praeter
1743 2625 1815 2684 illias

156 2706 242 2764 hilei
260 2707 381 2778 emseapi
397 2715 472 2763 certo
495 2705 565 2761 scire
588 2711 719 2774 possent,
735 2703 887 2756 Romanum
911 2699 963 2755 boc
1015 2703 1196 2767 seruantianu
1211 2694 1263 2759 hoc
1279 2703 1401 2774 prolecto
1416 2709 1514 2777 potiori
1525 2714 1585 2781 jure
1598 2712 1748 2775 debebatur
1763 2722 1816 2778 lio

156 2800 304 2858 ωηιιιιιιιι
315 2800 350 2856 eb
360 2796 546 2856 Orientalibus
561 2795 745 2852 declinatum?
760 2792 824 2850 iiilti
842 2791 961 2859 videtur,
1015 2808 1096 2848 mano
1111 2795 1245 2868 pontifici,
1260 2798 1303 2853 cui
1319 2797 1396 2854 ltalia
1410 2801 1536 2858 universa
1557 2806 1662 2878 abipsa
1677 2816 1816 2874 nasccmis

157 2906 223 2953 sete
240 2896 380 2951 octobrem
398 2906 519 2950 mensem
534 2905 627 2947 corum
643 2890 676 2945 ad
694 2886 795 2946 Urbem
817 2886 963 2942 adrentum
1015 2875 1145 2940 Ecclesiae
1155 2885 1260 2958 origine
1275 2899 1419 2961 aggregata
1431 2908 1553 2962 prorsus,
1566 2907 1595 2954 at
1603 2902 1815 2978 quodammodo,

157 2987 205 3044 vir
219 2987 302 3043 nauti
326 2996 412 3057 pose.
432 2987 484 3040 snt
507 2984 597 3054 ltaque
616 2979 794 3046 Ambrosius,
818 2977 965 3048 ceterique
1015 2983 1046 3031 ut
1061 2972 1222 3034 Baceltinios
1234 2979 1272 3034 ait
1287 2980 1337 3051 (ti),
1353 2984 1537 3054 conglutinata
1551 2988 1639 3046 luerat
1654 3009 1661 3048 a
1674 3010 1732 3051 rem
1750 3009 1817 3056 tero

158 3080 246 3138 postet
259 3080 380 3152 episcopi
391 3078 446 3150 jam
462 3075 577 3132 Rotnani
594 3081 741 3139 venerant,
766 3084 794 3127 ιιι
814 3087 865 3143 epo
881 3076 962 3141 puto,
1017 3068 1198 3136 notissimam,
1213 3064 1343 3127 ollieami
1356 3074 1470 3129 canonis
1486 3076 1644 3138 testimonio
1655 3088 1818 3154 comprobr-

159 3184 209 3231 etet
220 3188 274 3231 nea
289 3174 330 3229 :si
343 3171 459 3244 ptitnmn
470 3168 603 3234 dicimus,
617 3182 651 3222 an
667 3164 813 3233 Damasus,
830 3179 864 3219 an
875 3161 1000 3229 deboc
1017 3165 1084 3226 tam,
1100 3158 1232 3232 exemplis
1246 3171 1327 3234 atnoe
1341 3164 1401 3220 aliis
1417 3181 1473 3222 non
1494 3174 1655 3229 necessariis
1673 3193 1818 3248 arpttmen-

159 3266 441 3336 liaa,antOrientalea
455 3264 554 3335 legati,
565 3261 738 3317 Ambrosium
753 3259 841 3328 ipsum
856 3254 964 3311 biariml
1019 3254 1063 3319 tis,
1080 3255 1244 3313 confirmare
1266 3270 1497 3328 supervacaneum
1513 3273 1589 3332 puto.
1610 3265 1679 3324 illud
1692 3279 1781 3328 amen
1802 3288 1819 3329 a

161 3361 275 3418 sm„
287 3360 474 3428 „pharumque
487 3357 613 3427 igriorem
627 3351 700 3423 passi
715 3346 798 3405 sunt?
811 3348 839 3404 ltl
861 3363 895 3404 ne
906 3345 964 3412 'tu-
1018 3363 1062 3402 me
1080 3347 1169 3402 omitti
1183 3363 1237 3404 non
1252 3356 1352 3419 potest,
1369 3351 1451 3406 velun
1468 3353 1519 3418 roi,
1536 3354 1571 3410 de
1583 3372 1637 3426 qua
1651 3361 1752 3432 agitur,
1769 3364 1818 3421 tle-

163 3453 313 3511 temoasine
335 3450 445 3523 quidem
458 3448 612 3517 decoquere
631 3446 729 3517 potnit.
750 3441 791 3498 An
810 3455 878 3496 reru
896 3452 966 3512 prae-
1019 3439 1203 3494 monstrandae
1228 3442 1361 3517 imprimis
1376 3441 1516 3514 idoneum,
1539 3448 1643 3504 nullum
1666 3453 1819 3514 scilicetex

163 3539 824 3614 tere·liediolanensisprmsulconcillopresens,
836 3534 964 3619 Damaso,
1017 3529 1155 3602 episcopis
1175 3529 1393 3588 Occidentallbus
1414 3536 1592 3596 Athanasium
1614 3542 1649 3599 ab
1668 3548 1819 3622 pseudosy-
1847 3612 1851 3619 ,

160 3638 278 3696 emto
291 3637 451 3708 caeteriecpte
476 3635 538 3689 aliis
562 3633 616 3704 lam
637 3629 809 3702 cttntgregatls
830 3627 966 3699 episcopis
1018 3618 1090 3680 trodo
1103 3621 1186 3698 Tyria
1201 3635 1229 3681 et
1247 3622 1419 3716 antiochena
1439 3632 1572 3702 ejectum,
1593 3635 1627 3692 atl
1649 3643 1820 3698 communio·

160 3731 402 3796 imoasulttenem
414 3735 515 3784 tantam
527 3726 669 3781 soltrscutn
680 3723 737 3778 suls
749 3733 893 3793 aggressus
905 3716 966 3775 est?
1019 3734 1079 3775 ncm
1099 3720 1271 3778 existimasse
1289 3721 1341 3777 sibi
1365 3724 1488 3795 recipcre
1501 3726 1596 3796 licere,
1612 3739 1676 3786 ante
1698 3749 1820 3804 monun-

160 3824 245 3881 ateia
256 3833 287 3881 ne
297 3839 348 3897 epo
362 3824 432 3878 itanc
445 3821 504 3877 riro
518 3819 691 3875 sanctissimo
707 3830 737 3872 ac
754 3812 966 3886 prudentissimo
1018 3812 1110 3867 tiatmn
1132 3827 1147 3866 a
1160 3806 1231 3868 iulio
1245 3813 1419 3869 sententiam.
1438 3804 1506 3874 ilino
1517 3835 1582 3874 uero
1596 3822 1713 3893 lactum,
1728 3836 1757 3881 ut
1770 3826 1817 3884 Ju-

160 3909 848 3977 eslammentnteramtbecetncottanorum,
871 3905 966 3976 quiin
1019 3907 1070 3964 lius
1100 3909 1158 3981 ipse
1187 3909 1212 3964 in
1247 3909 1459 3980 Philippolitano
1489 3912 1654 3972 Asianorum
1683 3933 1820 3981 maranata

160 4015 253 4070 erdem
263 4012 440 4068 conmunione
450 4017 539 4075 erant,
555 4005 693 4075 satisfieri,
708 4014 735 4058 ot
746 4017 786 4057 rer
796 4008 874 4074 peste
884 4000 967 4070 acopis
1018 3996 1164 4058 damnatus
1178 4003 1225 4067 sit,
1237 4002 1309 4074 qnod
1323 4004 1424 4076 primas
1434 4005 1547 4076 innuant
1565 4014 1754 4071 roatmunionie
1765 4032 1819 4072 tce·

162 4108 332 4179 pamm
345 4104 530 4160 metallorum
543 4114 685 4163 consensa,
701 4114 747 4152 nec
769 4111 822 4168 poc
836 4093 968 4149 scindere·
1018 4092 1105 4149 ieratis
1125 4091 1345 4165 atquedanmatis
1359 4097 1473 4164 aperuit,
1494 4101 1644 4175 cocleisque
1664 4105 1766 4162 aditam
1780 4112 1819 4182 ie·
1908 4159 1917 4170 .

161 4210 207 4256 aee
219 4241 228 4269 ,
241 4196 520 4255 mrbsrindmtibae
541 4190 667 4249 durabili
690 4190 907 4254 admittebatttur;
930 4186 968 4242 sic
1018 4185 1052 4238 ct't
1071 4179 1106 4239 od
1123 4185 1343 4260 soluendamjara
1362 4186 1461 4242 diuina.
1482 4188 1576 4247 Liceat
1590 4192 1671 4264 ipitnr
1686 4198 1750 4253 mibi
1766 4199 1820 4258 bos

161 4294 244 4367 ψη
255 4291 359 4348 menae
373 4288 511 4349 considam
526 4288 655 4360 praeitor,
669 4293 695 4340 et
704 4282 795 4339 leniter
809 4283 870 4336 iniri
883 4280 914 4335 de
925 4295 967 4334 re·
1018 4275 1080 4333 loco
1104 4293 1165 4333 cum
1191 4278 1359 4351 Hieronymo
1382 4282 1495 4347 mirari,
1517 4287 1646 4355 momoria
1674 4293 1820 4359 probauerit

162 4385 212 4440 m
223 4385 259 4439 eti
270 4396 357 4440 omnes
371 4383 439 4439 oritis
452 4391 580 4438 terrmm
590 4378 709 4435 ecciesiae
719 4375 904 4449 pertinentibus
916 4374 965 4448 (b).
1019 4367 1124 4436 little,
1138 4370 1208 4438 quod
1232 4369 1312 4426 Roas
1329 4377 1494 4444 contempsit,
1516 4378 1630 4449 episcopi
1650 4385 1819 4456 mmeperiat,

163 4477 245 4546 Μ
257 4476 282 4533 εἰ
294 4474 414 4543 dmm,
428 4474 603 4539 Ambrosium
622 4478 683 4528 cum
699 4470 792 4527 italico
807 4469 967 4525 3110001201.
1018 4462 1087 4533 qaod
1100 4462 1172 4518 seder
1187 4463 1332 4534 apostolica
1354 4465 1532 4522 condeotnooit
1546 4468 1592 4541 (e).
1610 4470 1646 4527 At
1660 4488 1695 4530 ne
1711 4477 1738 4531 in
1758 4479 1820 4535 ani·

163 4567 204 4624 no
219 4567 277 4625 tems
288 4568 446 4637 scripsisse,
470 4550 617 4636 antennam
633 4562 755 4619 Romano
770 4562 860 4619 itineri
875 4576 905 4616 so
919 4560 967 4616 oo.
980 4550 1008 4623 Ῑι
1020 4571 1093 4610 mmn
1116 4571 1205 4612 meum
1232 4555 1367 4621 inducam,
1386 4565 1416 4613 ut
1441 4559 1492 4615 ltoc
1512 4561 1547 4617 de
1564 4565 1710 4625 Ambrosio
1726 4573 1820 4630 eristi·

162 4672 228 4729 ret,
252 4663 297 4719 rix
316 4661 383 4718 milli
406 4661 571 4734 persuadere
593 4657 716 4729 poteris,
740 4658 782 4712 tel
806 4655 844 4712 illi
861 4661 968 4725 ternpus
1020 4664 1102 4715 ntem,
1117 4647 1181 4703 lacit
1196 4648 1280 4718 ipsios
1294 4647 1430 4705 atttbrosti
1450 4655 1611 4722 auctoritas,
1625 4658 1670 4729 quai
1685 4677 1718 4718 ex
1733 4663 1822 4736 boui«

163 4756 292 4813 „epm
315 4756 445 4827 noioeane,
461 4755 503 4810 rel
528 4764 572 4810 res
592 4758 681 4806 tantas
703 4750 785 4805 luisse
810 4763 967 4820 aggressum
1019 4739 1114 4798 leiensi
1130 4741 1247 4798 concilio
1259 4743 1314 4813 jam
1339 4757 1389 4799 nos
1404 4743 1547 4813 ducuerat,
1563 4764 1578 4803 a
1594 4748 1713 4810 limatam
1727 4755 1820 4817 Eccita·

163 4852 257 4908 mma
268 4850 383 4923 pampus
396 4856 538 4921 pentum,
564 4857 645 4919 atque
659 4860 675 4900 e
689 4856 837 4915 centspectu
852 4856 968 4915 genera·
1019 4837 1058 4892 sia
1073 4837 1217 4893 cremanda
1229 4838 1256 4893 in
1271 4856 1358 4896 amnes
1368 4845 1557 4901 camatanionia
1566 4848 1633 4919 juro
1650 4868 1754 4911 manare
1771 4856 1819 4929 (f).

165 4943 203 5001 ita
221 4944 321 5017 synodi
341 4941 436 4998 some
461 4940 620 5011 propediem
643 4936 752 4994 lutura.
769 4936 872 4993 Deinde
897 4933 969 4990 unde
1055 4928 1149 5002 Sexto.
1170 4930 1232 4986 Pari
1255 4933 1336 4987 modo
1355 4935 1390 4990 ob
1411 4936 1567 4995 Nectarium
1593 4942 1749 5016 episcopum
1772 4963 1819 5003 or·

164 5037 215 5096 itte
235 5038 398 5101 meretri,
412 5034 566 5092 orientales
579 5048 640 5090 eant
654 5032 809 5106 generalem
833 5031 967 5103 synodum
1020 5021 1141 5081 dinatum
1153 5025 1255 5096 rejecto
1270 5024 1398 5096 Maximo,
1410 5043 1517 5103 ruptam
1530 5035 1613 5093 italici
1625 5040 1744 5110 episcopi
1758 5054 1819 5098 curn

164 5130 355 5198 alim,
376 5139 405 5185 ut
427 5127 481 5184 itus
493 5125 548 5183 illis
570 5126 637 5183 titln
654 5125 793 5182 verteret?
815 5123 866 5190 dt,
883 5121 970 5195 inquit
1019 5116 1204 5174 Orientalibus
1225 5121 1445 5185 communionem
1464 5125 1647 5184 denutttiant:
1667 5130 1821 5190 Nestorium

165 5222 379 5290 rmntios,
404 5220 460 5293 iniit
494 5227 574 5276 altien
601 5216 773 5276 intellexerat
797 5216 875 5283 illos,
901 5229 969 5289 qnos
1021 5227 1080 5266 cum
1095 5228 1178 5278 nuper
1196 5223 1285 5269 nestra
1300 5215 1467 5273 rnediocritas
1485 5218 1709 5290 Constantinopoli
1726 5239 1822 5298 capno·

164 5314 327 5386 mitent
345 5312 499 5370 mnarum
510 5314 564 5368 iter
575 5318 717 5384 aggressos
742 5324 819 5376 csse,
836 5309 971 5365 Constan-
1021 5306 1085 5361 terit
1098 5322 1154 5362 erse
1163 5309 1325 5377 ordinatam,
1339 5311 1470 5366 colerere
1488 5312 1693 5368 connumerem
1706 5328 1822 5376 nostrata

165 5408 283 5480 tinpell
299 5407 470 5474 abstitisse,
493 5418 525 5463 ec
546 5402 680 5479 syttodttnt
703 5416 779 5460 suant
804 5400 893 5460 media
913 5401 969 5473 iarn
1023 5418 1082 5457 cant
1098 5400 1274 5457 Orientalibus
1296 5403 1513 5459 scandemus...
1536 5421 1582 5460 nec
1599 5404 1725 5480 videmos,
1748 5429 1824 5485 potae

216 5547 245 5688 di
263 5544 514 5688 digilodssiidpfldd
530 5631 563 5673 et
578 5615 631 5671 BD.
647 5615 713 5672 elit.
1023 5554 1101 5679 setar).
1120 5611 1200 5693 Aproi.
1216 5609 1280 5666 adv.
1294 5600 1372 5676 Rus..
1388 5597 1434 5695 lib.
1452 5625 1500 5680 ιιι,
1516 5629 1544 5670 tr.
1562 5617 1605 5674 li.

204 5689 244 5758 (a)
265 5689 350 5757 iipist.
367 5687 404 5754 2,
417 5688 488 5758 apud
503 5689 644 5743 Coustant.
659 5730 666 5753 ,
683 5696 711 5740 b.
727 5684 755 5739 Ξ.
1062 5682 1099 5752 (si
1121 5682 1205 5753 Epiust.
1224 5680 1258 5736 ta
1272 5697 1305 5737 ex
1318 5681 1372 5739 OB.
1384 5685 1450 5767 edat.

204 5759 248 5833 (d)
270 5759 307 5816 tle
322 5759 427 5816 Eccles.
453 5759 522 5816 bier.
548 5758 657 5830 origin,
681 5773 740 5829 par.
762 5771 790 5821 n,
809 5753 891 5827 515,
913 5767 974 5809 cuttt
