3900 6134
142 199 195 258 arr
714 180 1176 244 snucrusnumsnsrnm.
1742 181 1797 242 ets

143 328 198 373 tem
216 312 316 371 Gelasii
337 310 514 369 constitutum
533 305 615 362 inisse
630 316 712 376 atque
729 300 919 374 praescriptum
936 313 943 352 :
959 303 1028 363 Aut
1040 300 1345 370 cinsconserrationem
1361 299 1412 356 rite
1437 307 1565 372 recteque
1583 298 1684 356 iactam
1698 301 1795 374 proba-

140 411 201 482 ejus
215 409 287 465 enim
305 414 398 478 aperte
408 401 530 460 meminit
544 399 601 455 Leo
616 398 739 468 Magnus,
755 407 786 449 ac
801 391 878 448 Felix
892 391 945 448 Ge·
997 405 1076 462 rent;
1097 395 1149 452 alia
1162 395 1235 452 ertirn
1253 403 1311 452 erat
1321 410 1402 452 cansa
1414 437 1422 462 ,
1436 410 1484 450 cur
1499 410 1553 451 non
1575 405 1714 466 oporteret
1733 413 1793 458 eam

139 502 202 560 iasii
212 511 379 567 antecessor,
391 499 437 568 qul
448 504 578 566 preterea
589 494 684 548 eodem
696 491 758 547 loco
768 486 946 545 canrdistinc·
998 487 1074 558 lieri,
1089 500 1135 545 aut
1147 489 1248 555 lacmm
1271 489 1354 560 recipi
1372 507 1378 542 :
1393 504 1455 544 uam
1469 488 1558 560 primo
1582 489 1729 547 Flavianus
1746 490 1795 546 im·

142 599 244 653 tionem
264 595 299 649 ab
313 588 431 660 antiquis
445 586 575 657 rrrajornm
590 583 697 639 statutis
707 580 740 636 ad
754 595 785 638 se
803 579 946 636 deductam
997 582 1102 654 positus
1126 581 1194 649 luit,
1222 592 1253 637 ut
1271 580 1454 637 Nazianzenus
1480 582 1538 650 ait,
1561 583 1668 654 antiqno
1691 583 1795 655 meruli

143 685 251 756 sitta).
276 685 346 755 Quin
369 696 435 739 vera
456 695 488 737 ea
512 678 618 735 Statura
637 680 784 751 majoritat.
808 672 945 728 0010ΐὶ010
998 677 1095 749 praesul
1119 692 1215 743 anons,
1241 676 1315 748 quod
1340 676 1497 747 apostolicae
1523 677 1661 734 traditioni
1687 678 1798 736 Nicaent)

146 790 210 840 sunt
230 787 309 834 aetate
333 779 414 833 etiarn
439 773 570 830 Borriiacii
590 770 616 840 l,
633 786 694 826 curn
717 769 762 825 bic
777 766 898 839 pontifex
912 764 947 820 ad
998 770 1114 827 coracilio
1130 771 1297 826 conlirmattn
1313 769 1534 827 adversabatur:
1554 772 1673 828 seeundo
1684 773 1798 846 jurisju-

143 875 285 946 cpiseopns
306 887 354 941 per
374 869 543 927 Thessaliam
557 866 721 922 constitutos
744 863 845 918 scribat
859 880 866 914 ι
882 876 946 932 quo·
999 862 1078 919 randi
1100 862 1204 935 religio,
1229 862 1305 918 illurn
1330 864 1475 935 quominus
1493 878 1685 935 assequeretur
1702 865 1800 923 Antiu-

144 971 215 1026 nium
232 968 303 1023 loerts
324 965 420 1037 exiqit,
443 965 465 1018 si
480 963 564 1033 placet
583 974 713 1014 recensere
731 971 858 1011 canonum
870 970 947 1008 sanc·
1000 954 1117 1010 ebenum
1129 955 1336 1027 episcopatum,
1352 954 1498 1011 inlrnbilem
1514 955 1639 1013 eiecerat
1657 977 1664 1013 z
1682 973 1799 1026 aquariam

145 1063 237 1119 tiones.
253 1061 385 1133 reperieris
403 1074 459 1129 qrru
474 1058 506 1112 sit
520 1065 577 1127 past
591 1053 735 1109 Ecclesiam
751 1052 895 1107 Rostranarn
909 1065 949 1104 se·
1001 1056 1090 1102 tamen
1111 1061 1201 1103 tertrnr
1216 1088 1223 1110 ,
1241 1062 1272 1102 ae
1294 1047 1432 1115 peracerbi
1452 1045 1516 1102 inde
1534 1047 1587 1102 nrti
1601 1046 1719 1116 dissidii,
1735 1063 1798 1105 cum

147 1153 232 1207 canda
256 1151 442 1222 amenquartie
466 1151 498 1204 sit
513 1149 611 1203 tertia:
629 1161 688 1218 qnae
700 1143 821 1216 prolecto
834 1142 949 1213 apertis·
1001 1138 1074 1196 nulla
1091 1141 1118 1195 in
1132 1138 1309 1196 Orientalium
1327 1140 1425 1196 litteris
1444 1141 1477 1195 ad
1492 1140 1644 1196 Numanum
1662 1141 1713 1198 laec
1732 1157 1800 1199 con-

145 1246 215 1302 sima
231 1252 303 1299 sunt.
321 1242 384 1298 Scio
398 1240 588 1296 Constantium
604 1246 744 1302 anurntare,
767 1235 842 1289 bisce
857 1232 949 1289 uerbis
1000 1230 1093 1287 cilium
1116 1230 1226 1302 scriptis
1247 1232 1349 1287 aternio
1369 1232 1420 1299 sit,
1448 1233 1546 1288 ttreritn
1574 1233 1626 1289 riri
1647 1236 1799 1305 grauissimi

145 1338 260 1395 indicari
281 1337 298 1392 6
322 1335 459 1393 Nicaennm
482 1348 636 1390 mnoncm:
656 1342 683 1385 at
702 1340 802 1401 praeter
821 1343 870 1392 ea,
889 1341 949 1397 quae
1001 1322 1135 1391 dubitant,
1151 1339 1185 1379 an
1199 1324 1262 1388 illae,
1274 1325 1346 1396 quod
1362 1325 1553 1383 Ecclesiastico
1567 1327 1742 1399 simplicitate
1770 1345 1802 1386 ac

145 1428 305 1500 responderi
326 1434 457 1500 possent,
482 1424 547 1481 illnd
567 1423 707 1478 dnnrtarat
725 1419 864 1477 observari
887 1431 949 1473 curn
1001 1416 1160 1474 sinceritate
1174 1426 1295 1486 careant,
1308 1433 1339 1475 ea
1354 1418 1532 1493 taudedignue
1543 1421 1608 1488 sint,
1619 1435 1700 1493 quam
1713 1422 1804 1480 'ibeo-

148 1522 243 1579 cedem
259 1519 405 1589 eresncllu
417 1518 496 1574 velim
509 1516 559 1589 (b),
572 1514 682 1571 Nicaeae
696 1513 743 1577 illu
754 1526 858 1567 carronc
874 1524 951 1576 pror·
1002 1510 1114 1567 duratus
1127 1510 1230 1568 eisdem
1244 1512 1376 1568 attribuit.

148 1629 196 1671 sus
217 1629 270 1669 non
294 1611 416 1677 definiri,
432 1609 572 1680 cujusnam
593 1603 785 1670 Alexandrini,
804 1618 838 1658 an
854 1603 949 1659 Atilio·
1039 1602 1102 1658 linc
1124 1603 1216 1675 itaque
1236 1613 1314 1671 sunt,
1336 1620 1397 1676 quae
1420 1605 1455 1661 ab
1476 1603 1528 1662 lroe
1544 1617 1681 1677 postrema
1696 1607 1803 1664 barnasi

149 1705 229 1763 eberti
252 1703 373 1775 episcopi
398 1700 545 1767 secundus,
561 1709 607 1754 aut
622 1698 718 1754 tertius
731 1698 807 1751 locus
830 1696 877 1761 sit,
889 1709 951 1751 cunr
967 1700 991 1762 B
1004 1696 1121 1753 concilio
1135 1706 1211 1768 qesta
1226 1697 1402 1768 praecaeteris
1416 1697 1501 1754 rideri
1517 1710 1630 1769 possunt
1645 1717 1652 1754 ε
1669 1715 1731 1755 nam
1744 1716 1804 1771 qum

148 1807 239 1857 tantm
256 1798 411 1854 bonifacius
425 1795 525 1865 aliique
536 1789 809 1865 pontitieesordinem
823 1788 894 1843 inter
906 1802 954 1843 eos
1007 1791 1084 1860 plura
1095 1788 1145 1844 alia
1159 1789 1219 1860 ejus
1237 1790 1362 1857 nomine,
1387 1797 1443 1846 tum
1467 1791 1493 1846 in
1508 1793 1681 1850 conciliorum
1703 1795 1804 1852 collec-

148 1891 337 1963 praescriptum
362 1887 529 1960 exprimant,
555 1901 587 1942 ac
599 1883 747 1942 secundum
767 1881 953 1939 Alexandrino
1006 1882 1125 1939 tionibus
1138 1882 1247 1939 decreta
1258 1881 1499 1951 circumferuntur,
1514 1885 1644 1942 incertum
1655 1897 1706 1954 cst,
1719 1903 1752 1941 an
1766 1886 1802 1941 ad

150 1986 252 2052 locum,
264 1983 437 2039 Antiocheno
451 1983 559 2038 tertium
573 1980 721 2036 attribuant
734 1993 741 2031 ε
755 1976 888 2032 baronius
900 1974 953 2030 ita·
1006 1977 1089 2044 istud,
1104 1992 1138 2033 an
1151 1977 1184 2032 ad
1199 1977 1308 2048 aliquod
1323 1977 1396 2033 alind
1411 1987 1551 2049 spectent,
1566 1979 1704 2051 multoque
1715 1980 1804 2036 inccr-

151 2092 203 2149 que
223 2084 298 2132 recto
322 2088 442 2146 sanoque
453 2072 557 2144 judicio
568 2069 696 2142 colliqere
710 2069 796 2141 potuit
806 2082 838 2124 er
852 2082 886 2123 eo
899 2063 953 2121 Co·
1006 2067 1059 2124 tius
1071 2084 1105 2124 an
1122 2069 1267 2124 brumosum
1282 2079 1423 2125 auctorem
1436 2069 1564 2135 babeant,
1574 2069 1608 2127 de
1619 2087 1671 2142 quo
1681 2071 1804 2141 consule,

152 2168 223 2235 dice,
233 2167 371 2224 Gelasium
385 2180 438 2221 non
448 2163 567 2220 morbac
578 2162 665 2233 primo
676 2159 954 2228 constituisseqnm
1006 2164 1029 2220 si
1041 2163 1130 2229 lubet,
1151 2163 1355 2220 Tillemontiurn
1379 2179 1412 2220 ac
1436 2162 1636 2222 Constantium.
1667 2165 1804 2222 Ceteram

151 2275 212 2332 quae
223 2266 301 2315 attleu
314 2266 387 2314 recle
398 2256 544 2312 constituta
555 2270 570 2310 11
582 2251 828 2326 pl'aeliecessbribtls
836 2249 953 2316 1110111111,
1006 2271 1067 2313 curn
1081 2255 1133 2312 hnc
1144 2258 1292 2314 concilium
1306 2265 1475 2330 postremum
1488 2259 1561 2326 dixi,
1579 2260 1657 2317 veiim
1679 2260 1705 2317 id
1723 2260 1805 2317 intel.

151 2352 260 2422 scriptis
274 2351 372 2407 iterum
389 2348 551 2432 prodidisse.
1007 2351 1074 2422 ligas
1094 2366 1128 2408 ex
1144 2351 1178 2406 iis
1198 2367 1314 2424 quorum
1330 2353 1463 2409 memoria
1483 2362 1626 2426 superest;
1641 2354 1719 2412 lacile
1733 2356 1805 2413 cuim

189 2442 262 2499 idern
279 2449 338 2499 estu
351 2440 483 2512 judicium
498 2438 602 2496 decreti
626 2438 661 2495 de
687 2435 850 2509 recipiendis
868 2450 956 2491 0010·
1006 2442 1187 2510 crediderim,
1214 2445 1358 2500 Damasum
1373 2445 1512 2501 advocatis
1536 2444 1570 2500 ad
1590 2445 1707 2503 natalem
1726 2462 1805 2504 suum

150 2533 278 2606 liciendis
293 2531 604 2604 scripturislibrisque;
621 2529 743 2603 namqui
767 2529 908 2585 exstiterat
928 2528 955 2584 in
1006 2535 1041 2594 (10
1062 2551 1138 2592 mora
1152 2536 1330 2593 vicinioribus
1352 2536 1488 2609 episeopis
1511 2537 1626 2610 singulis
1646 2539 1703 2595 lere
1727 2538 1806 2595 annis

152 2627 277 2685 Romana
295 2627 419 2684 Ecclesia
436 2641 575 2683 sacrarum
590 2624 790 2698 scripturarum
811 2624 957 2681 librorum-
1007 2631 1127 2705 synodus
1140 2632 1314 2698 celebrasse,
1329 2648 1443 2702 quarum
1460 2640 1553 2691 tamen
1573 2633 1672 2705 aliquan
1689 2634 1726 2690 ab
1739 2643 1808 2690 tera·

154 2737 208 2794 que
220 2722 325 2790 Canon,
340 2736 452 2779 necasse
465 2721 546 2777 etiam
560 2719 627 2788 luit,
643 2727 672 2775 ut
683 2733 733 2790 pro
747 2733 837 2775 rerum
853 2727 955 2788 terrrpo·
1007 2739 1103 2798 porum
1116 2733 1279 2781 vetustatem
1294 2726 1321 2780 tn
1333 2724 1470 2781 oblivione
1484 2725 1537 2781 sint
1554 2724 1659 2796 positar.

154 2831 270 2889 tumque
285 2817 391 2873 talione
405 2814 616 2872 cottiittnateittr
628 2812 769 2869 autetiam
783 2819 956 2883 augerelttta
1045 2816 1077 2872 V.
1108 2816 1137 2873 Si
1165 2815 1327 2889 Lantittipito
1352 2815 1460 2872 cuidam
1488 2816 1590 2874 seniori
1611 2816 1806 2875 Mediolanensi

155 2909 281 2967 Noniano
293 2909 431 2980 pontillce.
445 2908 473 2964 ld
487 2923 554 2965 vero
564 2923 627 2963 cum
638 2906 689 2963 sub
701 2904 845 2962 Hormisda
856 2905 956 2960 iactrrm
1008 2909 1137 2981 episcopo
1154 2908 1220 2966 bdes
1234 2921 1293 2976 est;
1309 2909 1412 2966 sedente
1431 2909 1466 2963 tt.
1483 2909 1634 2977 Anterosie,
1654 2911 1807 2984 arsemina

156 3002 309 3061 concedant
320 3002 371 3059 viri
381 2999 464 3065 docti,
476 3000 521 3071 qni
534 2998 635 3055 Gelasii
651 2997 807 3070 Cataloqum
822 2997 898 3052 aurit
908 2996 956 3070 (a),
1009 3002 1134 3057 dissensio
1148 3011 1206 3057 orta
1219 3009 1256 3057 est
1271 3018 1358 3058 caram
1369 3002 1518 3073 Apostolico
1532 3002 1560 3057 in
1570 3003 1670 3075 synodo
1684 3005 1750 3059 inter
1765 3020 1808 3059 sn-

155 3111 206 3153 cur
216 3111 269 3151 non
284 3093 411 3150 Gelasius
429 3093 488 3165 ipse
503 3091 611 3146 Damasi
626 3091 740 3146 11000010
753 3088 892 3145 addidisse
905 3104 956 3160 po·
971 3096 995 3163 G
1009 3097 1125 3152 cardeles
1134 3113 1301 3169 monoqatnas
1312 3107 1336 3152 et
1346 3097 1412 3152 alios
1423 3097 1470 3152 snb
1482 3098 1599 3152 castitate
1606 3105 1652 3152 aut
1661 3097 1807 3169 nirqirritate

155 3189 225 3254 tuit,
252 3195 333 3257 atque
355 3184 418 3242 inde
440 3183 582 3240 Decretum
606 3180 658 3236 boc
671 3195 833 3254 quamquam
864 3179 898 3236 ab
924 3194 958 3236 co
1010 3190 1129 3261 degentes
1143 3205 1240 3260 :eaque
1253 3188 1562 3260 Apostolicobnperuute,
1576 3189 1807 3262 etaliisepiscopt's

157 3281 298 3338 dumtaxat
312 3286 421 3334 auctum
435 3277 524 3334 eidem
539 3274 670 3341 attribui,
685 3282 714 3329 ut
724 3272 823 3330 deinde
834 3272 958 3329 llormis·
1009 3281 1238 3348 continuantibus,
1247 3280 1351 3355 jndicio
1366 3280 1399 3335 u.
1413 3280 1541 3336 Anrbrasii
1556 3279 1682 3353 deleqata,
1693 3281 1720 3336 ist
1730 3281 1808 3353 qaia.

157 3373 200 3430 dae
214 3373 295 3428 etiam
305 3370 463 3426 attributum
474 3367 621 3439 aliquando
634 3366 769 3438 legimus?
779 3368 872 3439 Neque
885 3366 956 3423 enirn
1008 3375 1072 3447 qnid
1085 3376 1141 3447 ipse
1154 3375 1265 3443 diceret,
1287 3383 1405 3430 sanctam
1429 3383 1452 3430 et
1472 3375 1575 3445 firnrnm
1589 3383 1731 3443 teneretur,
1755 3388 1806 3445 pro

158 3465 268 3523 Damasi
281 3473 361 3519 atate
374 3471 421 3518 atti
433 3460 574 3518 Manichaei
588 3460 716 3528 deerant,
731 3467 778 3515 aut
794 3459 896 3528 Ariani,
912 3467 960 3514 ttul
1010 3468 1131 3523 uxoratis
1140 3465 1252 3522 delinita
1261 3474 1303 3522 est
1316 3483 1323 3522 ς
1335 3466 1411 3538 quin,
1423 3466 1446 3522 si
1464 3464 1686 3522 Psenueliatians
1697 3465 1805 3533 audias,

159 3557 395 3623 Priscillianistae,
411 3555 458 3627 qui
469 3556 510 3610 rel
526 3553 679 3624 Scripturas
700 3565 792 3608 sacras
806 3551 956 3618 labarent,
1009 3576 1041 3618 ω
1056 3560 1354 3630 controversiasque
1370 3568 1412 3615 ess
1423 3557 1451 3614 in
1463 3558 1561 3631 synoda
1577 3556 1685 3613 Damasi
1704 3555 1737 3624 l,
1754 3556 1808 3614 150

158 3652 203 3708 sel
217 3650 388 3724 apocryphas
400 3649 596 3714 obtruderent,
610 3662 726 3721 quorum
749 3646 863 3718 proinde
878 3646 957 3703 lalla·
1009 3656 1200 3728 increparem,
1212 3653 1340 3709 crteurata
1354 3651 1595 3725 Constantinopoli,
1610 3651 1655 3706 abi
1675 3649 1708 3705 B.
1726 3650 1808 3706 iuter·

159 3745 209 3801 etis
221 3743 381 3801 sundrmalo
400 3742 499 3798 iterum
512 3783 520 3810 ,
534 3758 565 3798 ae
587 3741 724 3812 0011110010
745 3755 838 3797 carum
853 3755 959 3797 maone
1009 3750 1059 3821 fait
1074 3748 1234 3804 ambrosian.
1255 3746 1290 3803 bt
1304 3761 1351 3802 eas
1365 3761 1459 3802 eorum
1474 3755 1628 3816 temporum
1648 3742 1809 3817 quisquilias

159 3837 265 3894 00001οῑ
280 3836 391 3903 debuit,
405 3849 437 3890 ³⁰
451 3834 509 3891 ‘¹³¹3
522 3843 655 3906 brimellia
671 3832 958 3905 111110111001110111·
1009 3843 1124 3910 relerre,
1139 3843 1198 3898 rire
1217 3841 1371 3897 clarissimo
1392 3840 1540 3897 liuratorio
1562 3839 1664 3910 jndice,
1681 3838 1808 3896 refellere

159 3931 222 3988 dem
234 3930 455 4001 corripiendarum
467 3943 531 3984 cura
549 3927 956 3998 :hacctamenlraqmentacum
1009 3945 1069 4002 asr;
1092 3950 1257 4007 quamquam
1279 3934 1407 3990 Puricelli
1432 3933 1564 3989 laudanda
1591 3932 1729 4004 diligentia
1744 3941 1808 3999 est,

160 4023 233 4081 hand
250 4023 361 4078 omnino
379 4029 487 4077 constet
500 4020 534 4075 ad
549 4020 693 4076 Damasum
711 4020 859 4090 pertinere,
876 4020 958 4078 malui
1009 4028 1055 4101 qui
1071 4029 1097 4083 in
1110 4042 1142 4084 ca
1157 4024 1255 4082 labella
1267 4024 1408 4082 relutanda
1421 4025 1540 4082 studium
1556 4033 1583 4082 et
1597 4038 1708 4096 operam
1733 4024 1809 4079 serio

160 4113 290 4187 ajudicio
315 4112 427 4170 serendo
441 4111 597 4179 abstinere,
612 4127 645 4168 ac
664 4112 736 4168 inter
753 4111 835 4170 dubia
857 4128 959 4186 appeu-
1009 4118 1155 4177 eollocavit
1167 4134 1255 4186 suam,
1271 4117 1298 4174 in
1319 4117 1512 4174 dissertatione
1523 4129 1583 4190 post
1599 4115 1721 4189 ejusdem
1736 4115 1809 4171 Lan-

160 4209 229 4266 011010
243 4208 304 4264 1000
319 4207 435 4277 conieci·
1010 4212 1104 4286 dalplri
1118 4209 1277 4278 diatonicon,
1292 4212 1363 4268 inter
1377 4211 1485 4268 Italicos
1495 4212 1643 4283 scriptores
1657 4209 1806 4281 uulgatum.

196 4301 273 4371 Quod
288 4310 378 4358 antem
394 4300 427 4355 ad
450 4313 569 4355 canones
580 4307 700 4380 speclei,
715 4299 761 4370 0οἰ
775 4313 790 4354 0
803 4296 959 4356 (10001000-
1011 4306 1126 4378 Propius
1135 4305 1170 4362 ad
1185 4306 1325 4364 ueritatem
1341 4305 1456 4363 accessit
1466 4303 1622 4369 nitidulus,
1637 4318 1699 4360 cum
1713 4302 1741 4359 in
1755 4301 1809 4358 boc

159 4395 317 4470 napolitaua
333 4392 437 4468 syrrodo
450 4393 552 4449 conditi
574 4392 692 4459 lucrant,
712 4406 777 4462 eos,
798 4393 821 4450 si
831 4392 958 4465 ,(100οΞ00
1010 4401 1107 4459 codem
1124 4401 1230 4457 damasi
1255 4399 1389 4467 concilio,
1412 4407 1468 4454 tum
1484 4397 1682 4454 Priscillianum
1695 4395 1809 4452 damna·

161 4489 280 4550 Maximo
300 4487 403 4562 Cynico
428 4488 568 4544 decretum
597 4487 685 4543 lucrat
708 4486 848 4559 excipias,
871 4502 887 4541 a
909 4487 1070 4552 lia-Druna
1094 4495 1217 4567 scripsit,
1243 4504 1299 4550 tum
1322 4493 1466 4566 synodalia
1480 4491 1602 4563 eiusdem
1625 4499 1700 4562 qesta
1722 4489 1809 4573 tribas

52 4642 55 4646 .
160 4599 238 4642 maso
250 4583 426 4656 Romanaque
439 4580 505 4638 sede
522 4579 596 4636 nullo
614 4581 641 4635 in
663 4580 751 4650 pretio
764 4577 889 4644 habitos,
905 4576 960 4634 Leo
1011 4590 1190 4649 orientalium
1203 4589 1299 4660 tegaris
1312 4587 1606 4644 suissammmqntcm
1622 4583 1674 4657 (0);
1689 4569 1808 4656 qrrni'r'q‘.

160 4676 274 4746 itaquns
285 4718 294 4744 ,
307 4675 444 4740 Gelasius,
459 4689 492 4731 ae
504 4689 618 4747 maguus
630 4672 781 4744 Gregorius
792 4685 843 4727 nos
855 4669 960 4727 00000·
1012 4700 1075 4743 men
1089 4684 1159 4741 unde
1173 4682 1295 4740 hauserit
1311 4684 1456 4740 obscurum
1472 4680 1552 4738 nobis
1565 4694 1637 4737 nunc
1651 4687 1704 4736 est.

158 4775 237 4833 runt,
251 4782 364 4837 quorum
375 4767 446 4823 dicta
459 4763 769 4840 supervacaneolabore
780 4765 833 4820 lruc
845 4779 959 4837 eqonon
1299 4814 1413 4873 CAPUT
1432 4813 1517 4871 xm
1801 4750 1804 4754 ⁴

162 4857 323 4919 transieram
340 4875 346 4913 :
362 4858 426 4929 quin
443 4866 533 4914 tarueu
559 4855 676 4912 Nectarii
702 4855 837 4912 ordinatio
861 4857 961 4913 contir-

160 4962 234 5013 mata
256 4951 351 5018 inerit,
372 4949 461 5005 idonei
477 4949 588 5005 omnino
616 4957 700 5006 testes
721 4949 900 5006 Bonilaciusl
927 4965 959 5008 ac
1028 4933 1097 5002 ⁸⁸3·
1112 4931 1214 4989 ⁰l¹l⁸¹
1228 4931 1272 5000 Π,
1291 4930 1459 4987 1111011003
1479 4944 1514 4985 ΕΤ
1535 4926 1695 4984 5111111110
1715 4939 1789 4982 ⁰⁰⁵⁵·

160 5044 287 5104 Nicolaus
318 5057 368 5099 uos
391 5041 502 5097 minime
526 5041 651 5099 dubitare
671 5043 763 5098 sinunt
788 5040 840 5116 (d).
857 5042 957 5099 Cotrtra
1011 5047 1033 5105 1.
1052 5035 1167 5103 Liiet'las
1186 5061 1290 5119 preeunt
1313 5038 1433 5100 Faustini
1452 5051 1475 5097 et
1491 5041 1638 5096 Marcellini
1663 5039 1736 5096 iniis
1752 5056 1810 5112 quse

160 5154 227 5198 raro
241 5147 380 5196 externam
395 5150 504 5193 omnem
517 5151 579 5194 cum
592 5137 722 5193 Flaviano
735 5138 864 5209 rejectam
882 5152 958 5194 eom·
1048 5143 1083 5196 ad
1098 5140 1238 5196 Damasum
1249 5138 1387 5208 pertinent,
1401 5136 1435 5190 ad
1447 5152 1553 5191 manaen
1567 5142 1708 5191 rseocmar.
1723 5132 1756 5189 11.
1768 5132 1811 5189 An

161 5235 320 5292 massionem
333 5232 514 5296 Soaomerrus,
526 5229 731 5296 Theodoretus,
746 5230 852 5301 aliaque
864 5245 958 5288 cerunt
1049 5235 1077 5288 lri
1101 5235 1151 5287 dato
1173 5231 1323 5304 presbyteri,
1338 5229 1498 5303 Luciferioni
1525 5229 1630 5301 suerint,
1660 5246 1695 5285 an
1723 5228 1810 5300 potins

65 5331 68 5335 ’
160 5337 315 5400 temporum
330 5334 506 5385 monumenta
520 5321 634 5395 probant
647 5341 654 5377 :
668 5321 766 5378 trustra
779 5337 845 5379 rero
859 5323 959 5380 Orien·
1050 5322 1308 5383 distatanttttassns
1324 5321 1401 5380 Urbis
1415 5327 1550 5394 ‚traiectus
1560 5323 1628 5394 qais,
1644 5331 1669 5378 et
1683 5337 1716 5376 an
1731 5321 1811 5377 Ebri-

107 5483 113 5494 ,
160 5421 230 5507 tales
243 5421 429 5479 obtendebant
443 5417 615 5490 apostolicos
628 5417 805 5488 Nicanosqne
819 5430 955 5487 canones,
1047 5416 1160 5474 stiannsl
1171 5414 1214 5472 111.
1229 5414 1271 5471 De
1282 5414 1393 5487 Epinesia
1405 5412 1605 5470 Ursininnorurn
1614 5414 1641 5468 in
1654 5411 1722 5470 Urbe
1735 5430 1811 5486 psen-

197 5559 237 5632 (a)
252 5558 313 5614 vid.
334 5560 418 5617 conc.
443 5559 542 5618 venet.
559 5558 626 5616 edit.
649 5567 716 5616 tom.
737 5556 777 5628 t,
791 5572 818 5632 p.
842 5556 956 5626 185,οι

161 5645 225 5706 paq.
239 5629 302 5685 all.
427 5703 433 5715 ι
644 5709 648 5716 ⁸
790 5703 794 5713 ι
1045 5558 1058 5770 3
1078 5628 1165 5701 tvtd.
1183 5627 1294 5708 liiatrib.
1306 5625 1335 5693 2,
1351 5624 1408 5698 §d-
1418 5647 1435 5701 p

198 5702 239 5775 (tl
254 5700 392 5767 (luesnell.
407 5701 736 5775 dissentientem·
751 5699 796 5758 ta.
1058 5697 1083 5768 e)
1096 5697 1158 5756 Scr.
1174 5696 1234 5757 ltsl.
1249 5697 1328 5755 lum.
1343 5695 1387 5753 lit

1057 5558 1081 5683 a)
1098 5555 1159 5612 Vid.
1172 5555 1314 5612 Blancbin.
1330 5555 1357 5610 in
1372 5563 1430 5611 not.
1442 5551 1476 5609 ad
1489 5550 1576 5610 Clem.
1589 5561 1619 5610 ct
1629 5550 1722 5609 Gelas.
