3900 6134
151 237 154 242 ’
192 246 247 321 lli
502 240 721 303 uscmrldtt
741 237 928 303 tuddudstt
950 236 1019 301 etto
1038 236 1209 303 sedsttlltl
1227 235 1274 299 ΕΤ
1292 232 1528 299 studentium
1792 233 1846 295 {dd

192 372 222 422 et
234 363 294 420 sine
308 359 415 419 illorum
430 358 531 418 insidia
545 356 716 415 vindicaturi
730 354 825 415 Liceat
837 354 933 412 saltem
945 367 992 411 se·
1005 359 1031 424 Α
1044 347 1694 424 numplenissimosddeisseerdotesinterpellate
1700 346 1846 406 cmmeotia

193 438 345 522 ritati,’vcl
368 453 440 511 inter
454 452 511 522 ipsa
525 450 655 509 uilissima
680 458 708 508 et
726 448 832 520 abjecta
848 447 992 521 presepia,
1046 456 1149 517 nostra,
1161 447 1239 504 ueriti
1252 445 1427 514 sumus,nesi
1438 442 1723 516 pernosoibilloisset
1733 457 1848 514 respun-

194 549 333 607 Cbristum
346 546 431 606 Deum
446 544 488 614 pie
501 543 594 603 colere
613 558 646 601 oc
668 542 785 600 lideliter
806 542 932 608 adorare,
948 539 993 597 ubi
1044 556 1106 599 som
1128 541 1294 612 petentibus.
1308 554 1359 596 nos
1376 538 1533 596 videremur
1551 551 1672 594 annuere
1687 536 1732 603 iis,
1746 536 1794 609 qui
1807 535 1849 594 di·

193 649 223 702 et
235 637 381 709 aliquando
395 644 476 695 natus
495 636 644 694 secundum
658 651 769 693 carnem
784 635 856 693 idem
871 632 995 691 Christus
1046 636 1119 692 sinae
1141 635 1192 708 legi
1206 636 1249 693 eui
1263 634 1410 701 servimus,
1423 641 1518 690 corttro
1532 631 1701 704 propositum
1724 643 1847 689 nostrum

194 733 283 789 irrisus
295 731 389 802 jacere
399 730 529 802 dignatus
542 739 593 787 est.
620 729 678 789 lloc
700 728 774 801 qood
796 729 923 800 petimus,
939 743 995 785 oon
1046 727 1148 800 sbouid
1161 727 1341 785 addidissent.
1355 725 1445 797 etque
1457 725 1518 783 ideo
1534 725 1571 783 ita
1591 735 1739 797 utrumque
1754 724 1849 782 mode-

193 825 257 884 ideo
270 823 396 897 petimus,
410 825 489 894 quasi
502 826 716 894 expavescamus
731 836 854 892 procero
866 820 993 879 interlici.
1046 836 1152 887 ramur,
1165 829 1195 878 ot
1209 821 1441 892 petitionemque
1450 829 1493 876 est
1513 819 1604 876 oblatu
1619 833 1800 885 reneremor3
1817 818 1849 875 ll·

192 919 266 977 licus
282 917 359 975 testis
372 918 472 986 est,oui
493 931 574 973 serus
589 915 743 987 speculator
757 922 800 973 est
813 914 915 982 cordis,
932 913 996 985 quia
1046 914 1089 971 dei
1105 923 1197 970 eutem
1208 913 1273 969 rnilril
1287 929 1321 970 ex
1332 920 1428 970 nostro
1438 912 1553 969 arbitrio
1560 922 1688 981 optemus
1697 911 1740 969 sel
1749 911 1848 983 lobes·

191 1027 242 1084 per
255 1012 428 1084 deigratiam
440 1011 556 1069 nobiset
569 1025 703 1067 summum
716 1008 888 1081 refrigerium
899 1015 953 1075 est,
968 1014 996 1064 et
1046 1023 1108 1066 mus
1133 1007 1255 1080 adjungi.
1272 1006 1357 1064 llemo
1371 1022 1500 1079 umquam
1524 1013 1579 1062 um
1603 1003 1722 1075 prolana
1746 1005 1848 1064 mentis

191 1115 267 1165 certa
288 1120 350 1175 spes
364 1103 461 1159 lutura.
474 1102 665 1172 beatitudinis,
680 1103 704 1160 si
719 1120 768 1175 pso
786 1104 838 1159 liae
860 1101 934 1159 ildeli
952 1115 996 1158 as·
1046 1101 1109 1169 luit,
1134 1100 1182 1172 qui
1208 1117 1270 1157 cum
1296 1101 1375 1170 senui
1393 1100 1544 1156 catlrolicos
1569 1098 1696 1155 doctores
1721 1097 1846 1167 deberet,

192 1199 313 1256 sertioue
328 1197 494 1269 iugulemur.
518 1195 577 1254 Non
600 1211 666 1267 ergo
687 1196 765 1267 qiiasi
784 1195 830 1267 nui
852 1195 995 1252 timeamus
1046 1192 1111 1264 quid
1133 1191 1302 1263 sequendum
1324 1192 1360 1249 eit
1373 1191 1533 1248 doctoribus
1548 1191 1606 1263 ipse
1631 1190 1787 1246 constituat.
1813 1189 1849 1246 Et

191 1289 309 1363 perpeti,
332 1289 393 1346 ideo
412 1303 506 1345 sununs
525 1289 577 1344 ista
592 1288 749 1358 prosecuti:
765 1285 994 1344 sednealiorum
1047 1300 1113 1343 eane
1128 1284 1278 1358 probabilis
1299 1293 1328 1342 et
1342 1284 1416 1356 justa
1438 1283 1557 1340 laudatio
1575 1297 1686 1354 precum
1711 1291 1765 1348 est,
1786 1296 1848 1354 quae

192 1379 377 1453 impietatibus
395 1389 423 1437 et
440 1379 649 1437 crudelitatibus
669 1379 780 1451 satnguis
795 1377 897 1436 effosus
918 1375 995 1433 cori·
1046 1397 1156 1438 omnem
1174 1395 1259 1451 prope
1272 1380 1371 1436 seriem
1385 1378 1524 1436 turmine
1546 1376 1763 1448 superstitionis,
1787 1390 1849 1447 quse

191 1473 343 1531 stianorum
354 1471 400 1528 diu
415 1472 567 1543 piissimum
581 1471 894 1542 sestrscprineipalitatis
900 1475 996 1540 gravet
1046 1477 1184 1533 congrega
1204 1484 1247 1532 sgr
1267 1474 1409 1532 camellum
1423 1473 1496 1540 ndei,
1510 1473 1693 1544 ordinemque
1707 1471 1848 1542 complexa

191 1564 349 1639 imperium.
370 1563 485 1623 llasime
505 1564 556 1620 sub
579 1572 616 1630 te,
633 1562 838 1634 religiosissime
856 1557 995 1618 Tbeodosi
1046 1577 1100 1626 ρει,
1122 1568 1190 1626 pam
1205 1577 1234 1626 eu
1248 1566 1321 1624 unde
1334 1575 1440 1635 exorre,
1461 1573 1490 1622 er
1503 1563 1560 1637 igue
1582 1573 1710 1636 proveeta
1734 1571 1849 1620 emtore

126 1670 129 1674 ·
191 1657 376 1735 angustequl
390 1655 726 1714 miradcuotionecootra
742 1653 994 1713 omneshmrotioos
1046 1663 1143 1720 luisset
1157 1661 1272 1733 operuit.
1293 1660 1400 1732 Quippe
1420 1673 1481 1715 cum
1506 1671 1635 1730 persuaso
1655 1655 1847 1730 quorumdam,

190 1749 349 1813 christiane
367 1748 510 1819 relisioois
519 1750 562 1821 iii
581 1748 754 1807 00ss¹0⁸⁸i⁰¹le
767 1749 919 1818 wollini,
935 1761 993 1804 ¹11²·
1007 1759 1032 1821 Β
1045 1757 1128 1813 totius
1142 1755 1235 1811 seculi
1249 1754 1410 1825 antiquitate
1424 1761 1538 1818 mutata,
1550 1750 1605 1810 acti
1615 1764 1667 1822 pro
1680 1748 1733 1805 llde
1751 1748 1779 1805 lu
1796 1762 1848 1804 es·

191 1858 274 1917 gnum
291 1842 369 1901 nobis
381 1840 453 1913 apud
467 1843 552 1903 osum
566 1842 625 1901 lore
639 1843 801 1914 supplicium
814 1840 992 1909 credidimus,
1046 1840 1140 1903 silium
1158 1846 1328 1912 innoeentes,
1343 1842 1426 1900 sitam
1448 1858 1511 1900 cum
1527 1857 1631 1899 mmma
1645 1840 1727 1897 laude
1749 1853 1849 1912 posse·

189 1935 214 1997 si
230 1935 301 2008 apud
315 1943 342 1991 te
356 1945 410 1993 tam
423 1935 591 2007 religiosum,
606 1944 659 1993 tam
676 1935 828 2007 piissimum
843 1935 993 2007 imperato·
1045 1947 1121 1995 runt.
1136 1937 1191 1996 Sed
1205 1936 1278 1994 circa
1292 1951 1341 1992 eos
1353 1950 1408 1992 non
1419 1943 1463 1992 est
1475 1933 1558 1991 dilata
1575 1934 1652 2000 ultio,
1665 1933 1711 2004 gui
1728 1928 1850 1988 insidiati

191 2041 262 2091 rem.
273 2033 303 2086 et
312 2024 423 2083 Christo
435 2026 489 2082 ileo
500 2026 593 2083 diuino
606 2042 638 2083 ac
650 2026 806 2096 plenissimo
821 2026 921 2083 timore
932 2038 995 2082 eoa·
1045 2032 1124 2088 bools
1139 2030 1260 2087 moribus
1283 2038 1312 2087 et
1331 2029 1489 2102 ccelestlbus
1505 2027 1650 2095 institutis,
1666 2027 1803 2098 paulisper
1812 2024 1856 2085 ea'

190 2119 705 2191 secretumouemvstesdimperium
718 2116 994 2178 neurcortnusele-
1044 2124 1233 2191 contentione,
1246 2137 1300 2179 uun
1311 2121 1375 2191 dds,
1390 2121 1438 2178 sed
1450 2121 1579 2190 laesione,
1590 2119 1848 2176 mulserunneeter

190 2212 240 2287 git,
254 2227 314 2284 qum
324 2218 390 2269 suut
400 2227 471 2269 uere
482 2210 543 2268 ddei
556 2226 589 2268 ac
602 2226 675 2269 serm
686 2210 815 2273 scelesto
829 2219 992 2269 taceremus.
1044 2213 1205 2273 detestanda
1211 2213 1394 2272 insinuatione
1402 2211 1677 2287 persensissemus
1687 2210 1849 2283 mqueades

190 2303 257 2362 Post
275 2303 326 2361 lroc
339 2319 393 2363 oon
406 2305 581 2376 ambigimus,
593 2321 647 2376 quo
658 2303 792 2363 sollicitus
806 2318 871 2375 agas
881 2318 934 2375 qua
946 2317 995 2373 ps·
1044 2310 1245 2380 omnipotentis
1266 2308 1314 2366 llsi
1328 2318 1403 2367 mota
1415 2308 1545 2381 patientia
1565 2318 1618 2375 est,
1642 2316 1671 2367 ut
1685 2320 1765 2379 porus
1788 2319 1848 2377 que

189 2406 232 2457 ter
247 2398 365 2470 imperii,
377 2414 412 2456 ne
425 2398 452 2454 in
465 2399 532 2455 orbe
554 2397 678 2456 Romano
692 2397 823 2468 protense
839 2395 901 2454 lidei
915 2411 992 2455 eom·
1045 2401 1202 2457 criminosis
1216 2399 1359 2472 postfacto
1373 2399 1500 2466 debetur,
1523 2399 1650 2469 exemplo
1671 2397 1764 2455 eruaia
1784 2402 1849 2453 aute

192 2477 384 2562 munionisque
396 2489 539 2547 sinceritas
552 2489 700 2560 affligatur.
716 2487 852 2561 Quidquid
868 2489 896 2544 iu
911 2501 993 2546 causa
1045 2496 1117 2554 laesa
1134 2499 1278 2556 unumne,
1292 2498 1348 2556 sen
1361 2513 1395 2555 ne
1409 2501 1461 2555 pe„
1473 2498 1582 2570 quinem
1594 2498 1665 2555 pern
1677 2501 1800 2554 convetu
1813 2493 1848 2551 gd

183 2597 279 2673 'sacras
297 2580 361 2639 ddei
376 2598 408 2639 ac
422 2582 554 2655 proiessae
572 2583 695 2640 veritatis
708 2583 829 2641 sanctius
840 2581 992 2652 gesseritis,
1045 2601 1212 2663 ,racemum
1229 2591 1278 2648 pp
1299 2590 1428 2662 ggcgqgg
1450 2597 1616 2662 ‚ml-„mg
1633 2589 1785 2647 ωηιξη
1802 2602 1849 2645 00.

190 2678 422 2751 tantogloriosius
434 2688 463 2738 et
482 2679 527 2736 liic
540 2687 568 2737 et
579 2678 607 2735 io
619 2687 778 2750 perpetuum
788 2677 891 2736 coristi
901 2677 994 2735 lavore
1045 2683 1128 2740 cultis
1147 2685 1334 2740 molitionibus
1346 2691 1452 2756 urgent,
1469 2683 1661 2754 insequuntur,
1677 2688 1847 2753 oppugnant.

189 2771 349 2844 regnabitis.
365 2772 421 2843 Ego
435 2772 627 2831 lluscssssrms
644 2773 803 2845 presbyter,
823 2781 922 2842 optem
936 2769 994 2827 leli·
1046 2774 1131 2832 Tenes
1147 2775 1347 2846 perseverantia
1362 2775 1467 2836 erroris
1477 2783 1529 2841 est,
1545 2782 1645 2830 oleum
1659 2771 1850 2831 aliisdtsersae

188 2861 893 2936 cissimo'imperiosestrosecuramquieteru,etin
907 2878 994 2935 reguo
1045 2868 1228 2925 observantiae
1254 2866 1436 2925 sectatoribus
1457 2866 1582 2938 quotidie
1603 2879 1718 2936 peecm
1738 2862 1848 2929 maliet,

190 2957 292 3015 Cbristi
306 2967 335 3014 et
349 2958 395 3017 ilci
411 2966 569 3030 perpetuam
581 2958 796 3025 beatitudiuem,
811 2958 927 3030 piissimi
943 2959 994 3013 im-
1045 2977 1127 3033 quam
1141 2976 1204 3018 eum
1217 2960 1359 3019 eatboliois
1373 2967 1446 3018 reeta
1461 2960 1574 3016 resitire.
1587 2957 1618 3015 le
1632 2973 1687 3029 quo
1698 2957 1849 3029 petentium

187 3060 340 3124 peratores.
359 3051 415 3122 ego
437 3051 600 3120 Frusnrnus,
616 3053 662 3123 spui
686 3068 742 3109 uou
764 3065 875 3131 possum
894 3049 994 3121 dignus
1046 3053 1182 3110 laudanda
1196 3054 1280 3110 illatio
1290 3063 1343 3121 est,
1358 3055 1403 3126 gul
1413 3052 1649 3109 eommunieentes
1657 3050 1793 3122 Gregorio
1803 3050 1850 3107 lli·

189 3143 283 3203 vocari
300 3145 444 3219 presbyter
456 3145 515 3215 Dei,
533 3158 630 3220 optans
645 3154 675 3206 ut
695 3155 724 3203 et
735 3146 780 3203 liic
791 3145 891 3201 multos
905 3139 1032 3206 annuc
1047 3145 1185 3217 spaniensi
1209 3154 1237 3202 et
1260 3145 1414 3202 ilemolide
1432 3144 1576 3210 tlrientali,
1602 3143 1705 3199 sasetb
1727 3156 1794 3199 eane
1815 3155 1849 3198 ae

188 3236 571 3297 clesnentissimaedisinitotis
584 3239 686 3295 auxilio
707 3238 824 3296 leliciter
839 3237 993 3308 inoperetis,
1046 3238 1227 3297 laudabilibus
1236 3239 1383 3309 episcopis,
1396 3247 1492 3310 optant
1506 3237 1534 3293 in
1556 3236 1609 3293 llde
1632 3235 1766 3293 catholieo
1788 3236 1849 3292 sine

190 3336 220 3389 et
240 3327 267 3384 io
282 3327 373 3385 lutuno
385 3326 486 3389 Christi
502 3330 563 3389 Filii
583 3331 630 3389 bei
645 3345 729 3403 reguo
742 3340 904 3403 perpetuam
927 3344 993 3386 eum
1046 3331 1248 3403 oppugnatione
1260 3329 1377 3402 alicujus
1390 3344 1423 3386 sc
1440 3330 1563 3389 molestia
1587 3329 1689 3396 rivere,
1711 3328 1849 3399 nollisoae

189 3421 293 3479 sanctu
325 3423 522 3483 beatitudinem
552 3424 768 3496 consequamini,
798 3421 992 3496 gloriosissimi
1045 3431 1232 3501 appetentium
1250 3426 1357 3484 insidiis
1370 3425 1703 3497 circumventionibusque
1719 3424 1847 3496 pulsaris

190 3511 380 3585 imperatores.
1045 3518 1254 3593 quippequibus
1275 3520 1382 3591 placeat
1400 3531 1557 3591 susceptam
1570 3517 1657 3575 semel
1679 3515 1849 3574 menonem

1044 3629 1109 3672 sora
1126 3612 1258 3686 religione
1272 3628 1391 3670 seruere.
1406 3613 1450 3670 Sit
1471 3613 1565 3684 itscpue
1586 3610 1749 3671 inrisleltm
1768 3609 1850 3681 etid-

1045 3708 1110 3780 guid
1134 3721 1197 3764 esse
1220 3707 1320 3766 memrit
1332 3715 1475 3763 eternum.
1490 3704 1551 3762 Nee
1570 3702 1846 3776 eenrentlealiquid,

280 3811 323 3871 td
337 3813 386 3870 p„
399 3829 494 3886 mg
506 3814 542 3871 p,
553 3815 596 3871 ιο,
605 3816 726 3886 ggguggg
739 3815 878 3887 famngp
892 3833 898 3869 :
948 3867 949 3870 Ἴ
1044 3813 1100 3856 non
1111 3800 1255 3871 appetitio,
1269 3814 1323 3856 non
1336 3799 1411 3857 iratis
1425 3805 1540 3856 attentet
1553 3799 1653 3855 aliene.
1665 3797 1782 3855 danne
1793 3810 1850 3868 ose

1044 3891 1075 3948 lu
1090 3892 1151 3948 loeo
1165 3891 1302 3949 soluerint
1314 3892 1455 3964 proposito
1467 3906 1534 3959 seo3
1555 3900 1668 3947 utamur
1684 3889 1721 3948 ad
1733 3888 1849 3947 eredi-

377 3970 599 4033 RESCRlPTUli
618 3973 801 4035 tubobdstt
1044 3998 1104 4040 eam
1120 3982 1202 4040 lldem
1217 3983 1430 4042 anoredisioe.
1450 3982 1571 4056 (lyrnegi,
1586 3995 1686 4054 perees
1706 3980 1850 4040 urbane

564 4104 616 4146 „0
1044 4085 1073 4133 st
1091 4075 1289 4143 amantissime,
1314 4076 1468 4132 sublimitas
1489 4083 1539 4132 tue
1555 4081 1722 4146 praeceptam
1745 4082 1849 4131 eostre

1043 4167 1199 4225 serenitatis
1229 4167 1359 4225 uotdem
1368 4167 1532 4225 catholicam
1546 4167 1847 4224 mnnilasorerenera·

271 4219 574 4291 MARCELHNO
593 4225 650 4290 ΕΤ
672 4226 697 4289 F
705 4227 901 4295 AUSTINO
1044 4184 1735 4333 miur.etsi1:guasslntessenonpossennus·
1751 4258 1849 4330 lubeat

465 4364 712 4428 ppggggpgffls,
1043 4352 1186 4421 custodiri,
1197 4353 1614 4425 uttlregorismetlleraelidam
1623 4352 1849 4425 memlegbsn·

1043 4446 1161 4516 tistitee,
1187 4456 1359 4518 ceterisque
1380 4463 1475 4505 esrum
1496 4447 1656 4505 consimiles
1677 4444 1844 4511 saoerdotes,

227 4523 319 4594 Saloe,
331 4522 431 4597 cynegi
446 4525 587 4584 carissime
601 4525 690 4584 suebis.
705 4528 762 4585 Etsi
777 4529 851 4589 nulla
866 4529 993 4591 humanis
1003 4531 1034 4597 Ι)
1043 4539 1091 4610 qut
1112 4554 1144 4594 se
1158 4537 1238 4610 parili
1249 4539 1434 4596 observentur
1455 4540 1600 4607 peomne,
1612 4540 1649 4595 se
1660 4538 1849 4610 inproborum

190 4615 344 4683 pectoribus
350 4618 522 4689 ruajorquam
530 4618 630 4674 divium
636 4619 994 4691 legisdebetesserevereu·
1047 4634 1189 4690 hominnm
1202 4643 1284 4705 esque
1298 4634 1488 4692 parentemn,
1504 4643 1612 4691 amiur
1625 4642 1653 4690 ge
1666 4631 1793 4690 eelendnt
1804 4630 1849 4686 ln-

190 4706 990 4786 llll,llecatljlciqlllthllaltladdililltleltlpdssll‚tllljtlumbl·
1045 4728 1290 4800 jgfiis‚goipmqp0
1301 4729 1432 4786 fflnggssd
1456 4728 1553 4787 mm
1572 4728 1672 4785 ,pimig
1687 4726 1799 4791 postris,
1815 4733 1849 4780 ut

189 4797 258 4855 tissa
274 4802 440 4872 praestantia,
456 4803 548 4859 usundi
563 4812 697 4876 terraque
710 4805 895 4875 moderatrix,
908 4825 1012 4874 omne,
1045 4819 1375 4892 permonuimus
1393 4820 1444 4879 M
1457 4836 1511 4879 „011
1524 4819 1600 4877 ,nge
1621 4819 1674 4877 „igi
1695 4816 1849 4876 amoueo·

188 4892 262 4966 quod
278 4894 329 4949 sub
344 4893 423 4951 nobis
436 4910 498 4953 esse
517 4898 612 4967 soluit¹
627 4897 720 4957 lavore
732 4902 928 4973 omnipotentis
940 4904 991 4963 bei
1045 4912 1271 4972 metuamus.

188 4987 993 5066 propitiatacustodttzemenpersausmuuetttusetti-

366 3689 375 3702 ·
498 3681 687 3724 *nesus-
