3900 6134
165 219 219 279 ιιι
753 217 911 280 SANCTUS
930 213 1093 275 bubastis
1112 215 1212 277 PAPA.
1768 227 1820 288 ιιι

164 346 246 414 agam
259 347 322 412 post
335 338 464 397 iteratum
489 335 583 396 llrsinl
609 337 734 396 exsilium
748 337 844 411 gestis,
862 335 965 409 primus
977 334 1006 400 A
1016 348 1081 407 erga
1096 334 1224 394 tacuimus
1237 352 1269 394 ac
1282 339 1438 412 perduelles
1460 342 1553 399 studio
1568 351 1598 400 ut
1612 353 1639 401 et
1650 345 1686 403 de
1696 361 1821 418 praeeon-

163 439 298 504 occupant
313 429 394 504 liujus
405 430 470 488 anni
486 444 605 488 menses.
619 431 655 493 dt
670 430 810 506 popularis
822 443 905 486 aestus
918 431 964 502 qui
1016 439 1097 501 cepto
1111 431 1176 488 adio
1203 431 1230 488 in
1255 432 1400 492 bamasum
1417 437 1572 508 pontilleem
1588 436 1744 512 bonamque
1759 442 1820 513 ejns

164 521 232 581 uibil
247 526 351 581 interea
365 531 412 579 aut
434 537 530 594 parum
550 522 584 579 de
599 522 626 580 ri
639 538 687 579 sua
703 523 858 590 remiserat,
870 536 965 579 rursus
1017 539 1145 580 causam:
1161 527 1337 597 quemobrem
1353 527 1416 584 irinc
1434 528 1546 597 lactum,
1562 540 1591 585 nt
1611 530 1819 592 Valentinianus

165 617 258 687 erupit
271 617 298 671 in
313 624 421 672 mutuas
432 615 523 673 caedes
546 614 579 671 ad
593 612 623 673 S.
645 618 787 687 Agnetcm,
798 630 852 687 quo
864 626 966 671 temere
1017 616 1086 687 ipse,
1103 618 1148 690 qui
1169 619 1235 676 olias
1249 622 1364 678 arbitrio
1375 623 1530 680 Praetextati
1551 625 1618 680 nulli
1632 628 1751 698 partium
1763 640 1821 685 stu-

165 708 272 767 iactiusi
295 719 499 779 convenerant,
524 709 702 782 nullalegum
718 719 812 766 contra
835 708 965 766 coelata-
1016 708 1063 764 diu
1088 709 1202 776 addicti,
1217 726 1275 767 rem
1290 721 1461 771 tntamantca
1484 717 1654 786 permiserat,
1670 719 1820 794 nttncOty·

162 818 223 861 rutu
244 804 350 860 ratione
365 802 630 872 lrabita3att1uelroe
650 801 754 859 lacinus
768 818 818 876 pro
832 810 965 858 consuetu
1017 800 1088 867 brlo,
1100 818 1180 873 quern
1207 803 1345 863 Maximini
1371 806 1476 863 artibus
1489 819 1569 864 antea
1595 821 1819 881 praeoccupatum

162 895 400 954 schismaticorum
430 911 525 961 moro,
553 893 661 952 crimini
689 897 780 951 datum
810 895 964 951 immerenti
1017 905 1149 963 senserat,
1180 912 1271 969 parem
1295 900 1461 972 Aginatium
1486 917 1517 957 ea
1541 916 1623 959 caussa
1652 914 1818 975 potestatem

165 987 282 1046 bamam
306 987 377 1059 apud
393 985 545 1062 olybrium,
560 987 605 1060 qui
628 988 702 1044 circa
725 987 895 1044 luniumant
914 986 965 1042 lu·
1017 985 1138 1055 iaceret,
1164 1005 1196 1046 ac
1217 990 1288 1047 idem
1310 995 1419 1065 utrique
1446 995 1602 1050 mandatnm
1631 995 1717 1053 duret.
1734 997 1817 1056 llisee

162 1081 229 1139 llutn
254 1097 377 1139 mensem
402 1080 567 1139 Praetextato
586 1092 774 1149 successerat;
790 1091 820 1139 ut
839 1082 965 1139 excltro·
1016 1091 1106 1136 autem
1128 1079 1233 1137 dnobus
1252 1084 1391 1156 rescriptis
1406 1086 1439 1141 ad
1454 1085 1595 1158 otgerium
1615 1097 1643 1144 et
1660 1071 1816 1161 Aginatium

162 1175 269 1248 ttologla
284 1174 388 1232 codicis
402 1173 595 1244 Theodosiani,
616 1189 649 1231 ae
663 1189 696 1232 ex
711 1174 886 1232 Tillemoutlu
899 1189 964 1231 con·
1016 1171 1097 1237 datis,
1111 1173 1183 1228 aliud
1201 1174 1331 1231 Batonius
1344 1176 1418 1232 addit
1444 1178 1477 1231 ad
1489 1177 1631 1251 Olybriunt
1644 1179 1744 1251 ipsum,
1759 1200 1814 1255 qtto

162 1264 371 1325 stabiliorem
395 1281 456 1323 cum
482 1267 609 1338 Aginatio
635 1265 770 1337 neglecto,
794 1281 873 1338 qnam
901 1265 965 1321 llei-
1017 1263 1165 1334 imperator
1187 1277 1345 1339 conceptam
1371 1284 1435 1325 ase
1450 1271 1616 1341 utriuptatern
1631 1275 1764 1345 signiticat
1778 1292 1813 1334 ex

161 1359 254 1418 ttetius
274 1359 313 1435 (u)
327 1375 360 1416 ex
375 1359 471 1417 Anicio
493 1358 607 1416 Paulino
622 1359 686 1415 olim
706 1361 819 1416 cnnsnte
834 1369 862 1415 et
882 1359 911 1414 P.
928 1357 961 1413 ll.
1016 1357 1125 1425 litteris,
1138 1362 1242 1430 ,quibus
1269 1362 1315 1418 ille
1342 1362 1550 1422 dettuntlaterat
1581 1382 1743 1435 compressos
1774 1386 1816 1425 eos

68 1482 71 1487 ·
163 1454 339 1512 descendisse
353 1454 451 1511 asseris
466 1454 493 1510 in
520 1453 610 1509 causis
631 1452 812 1524 dijudicandis
840 1461 964 1508 uteretur
1015 1451 1060 1521 qut
1084 1454 1272 1508 surtctlrsimum
1297 1452 1378 1527 legem
1393 1457 1504 1511 tumnultu
1529 1460 1691 1513 etsedttioue
1706 1459 1817 1516 miscue-

161 1561 245 1620 opera
259 1545 466 1618 Maximiniani
480 1559 595 1602 annonae
606 1543 794 1617 praefecturam
805 1551 867 1615 post
878 1543 964 1600 lulia-
1015 1552 1083 1599 ruut.
1101 1544 1140 1600 Ex
1154 1562 1209 1615 nnn
1231 1545 1362 1603 discimus
1385 1548 1460 1604 illuns
1475 1549 1583 1605 taudem
1609 1550 1714 1621 integre
1731 1551 1817 1622 impe-

163 1655 227 1698 ttum
255 1638 474 1707 administrabat,
503 1637 674 1710 intelligitur,
689 1651 737 1694 cur
751 1637 865 1693 llnllnus
889 1644 963 1708 post·
1016 1637 1248 1706 ratnriparnisse,
1264 1649 1320 1694 tum
1346 1640 1501 1695 mandatum
1521 1640 1575 1697 boc
1598 1640 1659 1696 aliis
1682 1643 1816 1713 posterius

162 1750 245 1808 uuam
264 1734 423 1806 scripserat,
440 1735 559 1790 numano
586 1731 716 1803 sangnine
734 1731 837 1803 repleta
862 1731 964 1786 oratio-
978 1730 1002 1792 B
1015 1743 1095 1785 esse:
1110 1737 1191 1801 atque
1206 1730 1278 1787 bunc
1290 1732 1436 1804 aliquando
1447 1744 1508 1805 post
1518 1732 1657 1790 biennium
1674 1735 1755 1790 linem
1766 1732 1817 1792 bs·

162 1843 226 1888 ttttm
238 1829 308 1895 loca,
322 1829 413 1884 statim
428 1826 511 1883 addat
528 1843 587 1884 retu
601 1826 671 1883 itanc
685 1827 798 1896 {actione
817 1824 964 1882 Huaintiiu
1017 1819 1074 1876 buil
1099 1819 1190 1878 Ursini
1218 1824 1347 1880 sclrtsma.

160 1922 287 1978 inuidiam
299 1919 361 1976 lorti
381 1929 406 1976 et
418 1920 560 1975 irruoceutis
572 1920 714 1976 secedatis
733 1917 844 1974 Damasi
864 1934 963 1974 uersum
1051 1915 1095 1973 lll.
1110 1919 1227 1990 dgitratil
1242 1920 1341 1977 litteris
1356 1936 1405 1992 pro
1429 1920 1545 1977 Damaso
1558 1921 1676 1994 scriptis,
1689 1936 1814 1994 magnam

161 2032 226 2074 esse.
241 2014 502 2081 boxamauream,
515 2015 573 2071 siue
593 2023 622 2069 ut
635 2012 816 2071 schismaticis
831 2013 962 2083 placeret,
1013 2011 1179 2082 ceteroquin
1192 2012 1246 2067 tim
1262 2012 1402 2070 addidisse
1423 2013 1512 2085 putuit
1525 2014 1655 2086 Euagrius
1669 2014 1817 2070 dntlnclre·

161 2111 207 2183 qui
236 2109 264 2166 in
285 2117 376 2182 partes
408 2122 473 2165 suas
501 2114 642 2164 traxerant
670 2106 793 2183 indentur
817 2106 961 2177 quemdam
1014 2119 1065 2160 nus
1089 2107 1231 2179 presbyter
1255 2149 1263 2174 ,
1285 2108 1331 2180 qni
1359 2109 1552 2180 imperatorem
1579 2119 1733 2167 accesserat
1765 2124 1815 2182 pru

164 2201 285 2259 lmuertru
307 2202 419 2259 nomine
439 2214 529 2273 eoque
548 2207 706 2256 acetrsatore
731 2198 889 2265 utebantur,
904 2200 962 2255 siue
1017 2198 1182 2256 vercellensi
1208 2200 1311 2257 lernina
1339 2203 1441 2273 septies
1457 2203 1509 2258 icta
1522 2221 1530 2272 ς
1543 2219 1624 2273 quum
1648 2220 1705 2260 rem
1720 2203 1814 2261 illeru-

161 2305 193 2352 ut
213 2293 299 2350 seruet
313 2292 424 2365 ingenio
444 2307 494 2351 suo
520 2292 685 2364 indulgeret,
701 2292 807 2348 induxit
829 2292 960 2361 antimum,
1014 2307 1112 2365 aymus
1133 2303 1225 2349 narrat
1235 2294 1318 2350 veluti
1332 2305 1448 2365 gestam,
1465 2298 1622 2367 priusquam
1636 2297 1662 2354 in
1676 2297 1813 2355 Orientem

147 2385 346 2444 utilamasum
368 2384 510 2442 seditionis
530 2385 733 2457 secretisque
748 2385 775 2441 in
791 2385 912 2442 Ecclesia
927 2384 961 2441 ad
1015 2384 1074 2456 ipse
1093 2384 1237 2442 secederet
1257 2387 1310 2458 (ιι).
1325 2386 1455 2443 llucuero
1468 2387 1588 2445 olirclum
1605 2389 1740 2462 Euagrius
1754 2407 1769 2446 a
1784 2406 1815 2448 se

163 2478 193 2538 S.
213 2478 345 2551 Agnetem
373 2486 527 2550 perpetrata
553 2477 666 2547 lucrat,
691 2492 767 2534 reum
785 2487 877 2550 ageret
890 2478 961 2551 apud
1012 2476 1106 2534 deberi
1131 2480 1238 2534 cettsuit
1260 2479 1379 2537 Eusebio
1399 2480 1566 2538 Vercelleusi
1583 2482 1724 2554 episcopo,
1746 2499 1815 2555 qtto-

163 2573 367 2647 imperatorem,
396 2583 479 2648 usqne
508 2573 561 2630 ltoc
588 2586 790 2647 assequeretur.
807 2573 960 2631 testimonia
1012 2583 1073 2625 cum
1086 2578 1165 2625 antea
1179 2571 1334 2628 exoriente
1348 2571 1376 2626 iu
1392 2571 1494 2628 ltaliam
1507 2588 1539 2628 ac
1552 2573 1666 2630 Romam
1679 2585 1812 2631 uenerat:

160 2675 256 2724 contra
279 2666 436 2740 pontideem
463 2667 713 2724 innocentissimum
735 2667 834 2723 ariris
848 2666 962 2739 perditae
1013 2661 1063 2718 buc
1087 2662 1160 2719 enim
1172 2673 1279 2735 captata
1304 2667 1459 2733 occasione,
1471 2666 1577 2723 duabus
1601 2668 1663 2723 aliis
1675 2667 1710 2724 de
1721 2670 1813 2725 causis

161 2757 252 2825 lame,
268 2768 349 2832 atqne
375 2759 410 2816 ab
434 2760 501 2832 ipsis
518 2760 627 2816 clericis
652 2759 725 2815 illata
752 2767 855 2815 tortura
870 2766 961 2816 extor·
1013 2755 1193 2828 llieronymus
1219 2760 1362 2831 Euagrlum
1385 2763 1471 2830 ipsum
1492 2760 1585 2816 laudat
1605 2779 1611 2814 :
1630 2761 1727 2827 altera,
1754 2763 1814 2831 eius

161 2854 272 2927 qucbat.
296 2853 398 2911 Verum
423 2855 564 2926 dgitrutius
584 2854 659 2910 urbis
681 2856 810 2920 vicarius,
829 2855 961 2927 indiguis·
1011 2863 1094 2920 opera
1108 2849 1233 2907 ellectum
1257 2867 1319 2908 esse
1343 2852 1546 2908 utzriueerrtius
1573 2853 1716 2910 lledloluui
1739 2855 1813 2910 iucu-

161 2947 336 3019 st'tttsleteus,
353 2950 379 3005 itt
404 2948 594 3005 examinandis
606 2949 696 3004 causis
720 2947 959 3004 blaximinnmsibi
1011 2944 1075 2998 baut
1101 2945 1218 3016 amulius
1244 2946 1316 3017 prittt
1339 2953 1476 3016 auleatum
1503 2956 1619 3002 mortuus
1650 2947 1812 3016 uideretur,

160 3039 196 3096 ab
220 3039 332 3113 Olybrio
355 3040 494 3112 prelatum
508 3041 558 3114 ll),
584 3052 640 3097 tum
668 3041 702 3097 de
726 3041 769 3104 iis,
790 3056 852 3112 qtrre
865 3051 960 3099 cotnra
1011 3037 1098 3095 altera
1111 3052 1177 3093 tero
1201 3049 1229 3093 ut
1244 3037 1376 3094 deuturus
1395 3040 1531 3112 episcopus
1547 3056 1611 3111 petre
1634 3041 1757 3112 factiosis
1771 3040 1814 3095 lu·

161 3133 307 3190 llamasum
332 3133 492 3206 agebantur,
509 3133 727 3190 Valentinianum
756 3133 900 3189 certiorem
917 3132 958 3189 le·
973 3115 997 3178 C
1011 3132 1081 3203 queis
1105 3133 1231 3199 irretitam,
1244 3142 1268 3188 ιι
1281 3133 1372 3188 uicerit
1394 3132 1569 3197 aduersarius,
1591 3145 1615 3187 et
1631 3148 1682 3187 nou
1697 3133 1812 3189 nocuerit

160 3227 208 3294 eit,
222 3237 278 3284 tum
294 3236 424 3297 praeterea
450 3226 580 3285 factiosos
603 3227 630 3283 in
657 3227 794 3285 suburbiis
807 3243 841 3283 es
855 3227 959 3301 Olybrii
1011 3227 1147 3300 superuis.
1171 3225 1290 3298 Utraque
1319 3241 1386 3283 reto
1411 3227 1479 3283 mire
1501 3227 1630 3282 conuenit
1645 3226 1708 3284 luric
1729 3243 1810 3282 arrno.

160 3319 335 3376 conniventia
347 3330 500 3378 contentus
515 3336 606 3393 agere,
622 3321 693 3380 trude
708 3322 836 3395 irequens
852 3323 959 3396 iurgiu-
1011 3316 1046 3375 bt
1069 3318 1142 3375 enim
1169 3320 1321 3375 buxentins
1346 3319 1469 3375 damnari
1489 3319 1574 3375 libere
1599 3330 1701 3392 posset,
1714 3335 1746 3376 ac
1763 3336 1812 3390 pro

162 3426 235 3479 runt,
255 3427 288 3468 ae
312 3412 498 3482 seditionum,
525 3429 586 3487 que
609 3424 790 3488 supererant,
813 3415 899 3486 larus,
932 3427 960 3473 et
1010 3411 1141 3468 damnato
1160 3412 1291 3469 Ecclesiae
1312 3411 1485 3478 denuntiari,
1511 3412 1584 3481 nuod
1604 3411 1702 3468 lactum
1729 3411 1812 3469 ittisse

160 3506 249 3578 origo.
270 3504 418 3576 imperatur
440 3506 532 3580 itaque
553 3504 666 3565 recitate
689 3509 796 3580 cognita
810 3520 960 3566 contemne
1010 3505 1099 3563 dicatu
1122 3506 1245 3575 sequenti
1267 3520 1362 3572 anun,
1390 3504 1597 3560 allaborandutn
1612 3515 1681 3572 erat,
1704 3520 1738 3560 nc
1760 3506 1811 3561 im·

163 3597 226 3655 illos
250 3597 419 3655 suburbanos
445 3599 529 3656 retuit
554 3601 704 3671 statuitque
715 3600 811 3657 exsilio
825 3602 960 3657 nrulctan·
1011 3605 1131 3668 perator,
1148 3596 1195 3666 nui
1210 3596 1269 3666 ejus
1296 3596 1372 3652 uelut
1395 3595 1523 3652 cstbtrliti
1541 3597 1724 3654 communioni
1751 3613 1812 3654 sese

161 3693 222 3762 dns,
237 3695 260 3750 sl
275 3694 345 3750 intra
363 3695 510 3750 uicesimum
524 3695 559 3752 ab
570 3694 638 3751 urbe
651 3694 767 3767 lapidem
788 3695 903 3763 coirent,
919 3705 960 3750 at·
1010 3687 1182 3759 adjunxerat,
1204 3688 1267 3744 lmic
1282 3689 1391 3759 negotio
1404 3689 1585 3744 intercederet
1600 3707 1607 3742 ε
1622 3689 1810 3758 quamobrem,

161 3802 215 3859 que
227 3787 263 3842 ita
277 3787 375 3844 liuline
396 3787 534 3845 scribente
559 3787 679 3845 accidit:
703 3786 736 3842 tls
749 3798 860 3842 assetur
884 3789 960 3841 iutro·
1011 3781 1076 3837 nibil
1095 3781 1193 3837 mirum
1216 3788 1269 3845 est,
1284 3780 1306 3835 si
1327 3795 1359 3836 ea
1382 3778 1513 3853 synodus,
1527 3797 1580 3850 quta
1594 3781 1736 3836 damnatus
1751 3780 1810 3836 edi-

160 3878 251 3935 seutioe
263 3875 335 3933 Deus
360 3879 485 3951 adfuerit,
500 3887 524 3933 et
546 3879 573 3931 iu
597 3887 675 3949 reputt
699 3892 788 3931 eorum
815 3877 858 3945 uui
872 3877 959 3932 dolum
1010 3873 1082 3930 citur
1102 3871 1130 3929 in
1145 3873 1323 3929 iluisteniana
1349 3873 1522 3934 collectione.
1546 3873 1811 3946 irnperiulirexeripto

161 3968 337 4036 intenderunt,
359 3984 435 4038 poerrtt
456 3984 579 4023 courum
605 3968 649 4023 sit.
664 3967 811 4025 Enimuero
831 3970 896 4041 quin
915 3984 960 4026 res
1010 3979 1172 4040 congregata
1186 3965 1296 4022 dicitnr.
1320 3966 1451 4022 llamasus
1467 3975 1556 4023 autem
1580 3982 1668 4038 neque
1682 3982 1809 4037 uniquam

162 4061 201 4118 lta
214 4067 290 4132 gesta
315 4059 407 4128 inerit,
426 4060 469 4116 rix
495 4059 620 4117 dubitare
646 4061 758 4132 pulerit,
780 4062 825 4132 qul
838 4059 960 4118 Valenti·
1010 4061 1097 4132 magis
1110 4061 1233 4116 irretitus
1255 4059 1380 4116 lactionis
1390 4060 1505 4131 laqueis,
1519 4075 1607 4130 tueque
1622 4059 1738 4116 Ursinus
1749 4075 1810 4117 cnm

162 4151 237 4210 uisui
252 4152 384 4223 rescripta
406 4161 510 4209 attente
531 4152 625 4217 leserit
646 4152 680 4210 ad
700 4152 841 4226 olybrium
852 4162 880 4208 et
893 4154 958 4225 Agl·
1011 4155 1094 4212 sociis
1107 4155 1192 4225 magis
1206 4154 1328 4226 perfecte
1343 4154 1440 4223 rictus,
1454 4163 1483 4210 et
1497 4163 1649 4225 superatus,
1665 4170 1746 4225 quum
1759 4153 1812 4210 boc

163 4247 267 4303 natium
291 4245 387 4303 eodem
417 4255 541 4312 tempore
557 4245 637 4314 data,
660 4262 721 4319 qute
736 4261 850 4318 magnus
872 4261 959 4302 anna·
1011 4261 1084 4304 suno
1103 4264 1109 4302 :
1126 4262 1198 4304 anno
1209 4246 1280 4302 entim
1303 4246 1449 4319 superiori,
1472 4261 1526 4318 quo
1539 4246 1573 4302 ab
1586 4246 1682 4302 exsilio
1697 4249 1810 4302 llotnam

161 4339 228 4397 lium
243 4353 342 4411 parens
356 4338 383 4396 in
399 4339 487 4395 lucem
503 4339 614 4410 protulit
628 4337 675 4411 (e).
693 4337 733 4395 Es
753 4338 796 4395 bis
805 4343 878 4396 enim
891 4354 959 4396 cun·
1010 4355 1138 4398 resersus
1150 4348 1202 4408 cst,
1223 4340 1310 4396 uictor
1333 4338 1423 4412 potius
1447 4354 1528 4413 quam
1544 4338 1631 4396 rictus
1653 4337 1739 4396 rideri
1762 4354 1811 4410 po·

162 4443 370 4506 statutrumque
389 4449 422 4490 ex
438 4434 471 4490 iis
488 4434 566 4491 eade
577 4450 607 4491 re
621 4434 724 4492 litteras
752 4433 786 4490 ad
814 4434 960 4507 imperato-
1011 4440 1093 4489 terat.

161 4539 219 4582 rem
238 4525 358 4582 dedisse.
376 4523 429 4583 Sed
449 4525 502 4583 ulla
531 4524 669 4597 Olybrius,
685 4527 738 4582 alia
767 4526 908 4597 Aginatius
921 4507 998 4580 sil)
1047 4523 1093 4580 ll.
1114 4523 1256 4580 Ferrarius
1269 4523 1306 4597 (e)
1317 4524 1461 4580 Damasum
1472 4522 1567 4580 Nolam
1580 4521 1729 4579 accessisse
1742 4523 1810 4580 scri·

159 4617 306 4687 gnillcatit.
335 4616 413 4675 Prior
436 4619 509 4675 cuim
533 4619 643 4690 scripsit
667 4618 814 4692 perfecisse
837 4634 897 4675 se:
923 4618 958 4676 tlt
1013 4615 1062 4685 bit,
1083 4627 1111 4673 ut
1130 4616 1163 4672 ad
1178 4618 1333 4687 sepulcrum
1350 4617 1380 4675 S.
1396 4615 1496 4673 Felicis
1512 4624 1604 4671 tutum
1620 4617 1753 4683 solueret,
1781 4632 1810 4671 eo

159 4706 234 4765 usus
252 4712 280 4765 iu
294 4709 356 4765 stris
368 4709 452 4767 liuore
467 4721 553 4779 posset
575 4727 629 4767 esse
641 4709 782 4777 discordis,
796 4727 827 4766 ue
837 4711 959 4768 cbristiu·
1010 4710 1080 4782 guod
1098 4725 1128 4764 eo
1143 4709 1208 4764 duce
1225 4717 1341 4765 seruatus
1353 4713 1454 4783 fumat,
1469 4727 1501 4764 uc
1515 4710 1603 4764 mortis
1617 4709 1720 4764 uincula
1733 4725 1810 4780 rupe-
1849 4781 1852 4785 ἵ

160 4815 222 4856 usur
245 4803 369 4874 pupulum
393 4805 525 4876 profusuris
546 4805 681 4859 secuntute
702 4803 731 4858 iu
756 4803 809 4859 otio
833 4805 897 4877 frui,
912 4805 956 4875 iis,
1010 4813 1070 4867 rut,
1096 4813 1292 4873 angustamque
1315 4801 1373 4873 ejus
1399 4802 1524 4873 sepulcro
1546 4801 1685 4858 basilicam
1712 4816 1810 4873 super·

158 4908 221 4965 oute
236 4908 285 4964 per
297 4893 470 4951 llatiminum
486 4895 764 4967 autromeprselectum
776 4911 808 4952 au
821 4896 955 4954 urbiam·
1009 4895 1160 4959 struxisse,
1177 4909 1258 4966 quam
1278 4894 1309 4953 S.
1323 4894 1452 4950 Paulinus
1473 4894 1572 4951 deinde
1590 4895 1680 4951 latiori
1704 4895 1757 4949 alia
1776 4908 1811 4951 sc

159 4987 229 5043 ticos
250 4984 411 5058 agebantur,
435 4986 557 5043 studiose
576 4986 765 5046 dissimulatis.
790 4990 868 5047 Alter
892 5005 957 5046 uero
1008 4985 1143 5044 ornastiori
1166 5000 1182 5042 a
1204 5000 1234 5042 se
1258 4985 1389 5042 tedibcata
1413 4985 1532 5041 inclusit.
1555 4986 1624 5042 lluic
1645 4996 1735 5041 autum
1751 4986 1809 5054 rei,

157 5080 354 5151 imperatorem
375 5078 442 5135 nilrll
466 5081 553 5137 latere
573 5082 660 5137 uoluit
676 5082 786 5138 :Adbuc
799 5084 896 5139 scitica
909 5085 958 5139 mi·
1007 5095 1089 5153 quam
1104 5079 1181 5135 multi
1206 5089 1333 5142 narrant,
1349 5092 1381 5133 ac
1396 5093 1453 5149 prae
1471 5078 1595 5146 cacteris,
1617 5079 1664 5150 qni
1678 5078 1809 5135 Nolanam

158 5175 233 5242 meri,
248 5189 307 5250 quer
327 5174 460 5247 eliquanto
479 5175 583 5247 placata
611 5178 725 5247 must,
736 5178 956 5231 emruuturuneis·
1008 5170 1149 5228 bistoriam
1166 5183 1252 5238 nuper
1263 5168 1425 5238 cntrscripsit
1436 5168 1478 5225 lo.
1494 5170 1648 5241 Steplranus
1664 5170 1810 5226 llemnndi-

156 5281 208 5338 urus
218 5270 331 5327 cudibus
342 5269 487 5342 {requetio
500 5269 622 5340 strepitus
642 5268 760 5324 carituri.
774 5267 853 5323 llisce
865 5281 955 5324 antem
1008 5280 1060 5322 trus
1074 5266 1109 5338 (p)
1127 5270 1273 5321 contentas
1287 5262 1313 5319 id
1327 5264 1494 5320 constituere
1512 5265 1672 5320 auctoritate
1688 5264 1760 5320 l‘etri
1774 5264 1809 5320 de

157 5359 306 5421 uerisimile
327 5372 371 5421 est
391 5363 482 5437 aliqua
495 5360 578 5421 etiatu
605 5359 743 5419 addidisse
759 5359 794 5419 de
817 5359 954 5417 lietbuini
1007 5358 1158 5426 llatalibus,
1173 5357 1245 5414 aliud
1261 5356 1364 5413 nullum
1379 5368 1567 5431 argumentum
1588 5364 1723 5429 superest,
1739 5371 1810 5427 prm-

193 5572 225 5789 {t
244 5641 306 5701 bib.
326 5657 420 5702 tsrttt.
434 5707 447 5717 Η

208 5731 223 5770 c
248 5713 320 5772 dnn.
332 5714 399 5782 bii,
412 5723 486 5772 utut.
499 5716 555 5773 det
565 5711 602 5791 d,

222 5571 335 5788 nglst.
349 5574 686 5650 sxtx,pag.6350s63li.
1045 5564 1087 5781 ἕξ
1101 5564 1151 5636 Ep.
1164 5578 1183 5630 t,
1199 5562 1263 5621 Ver.
1273 5562 1340 5619 edit.

1103 5636 1142 5691 lle
1155 5635 1216 5709 llul.
1229 5635 1330 5701 curm„
1342 5647 1403 5707 cap.
1419 5632 1465 5691 lb.

1101 5702 1333 5777 mmmm
