3900 6134
103 233 155 293 857
638 235 708 297 PRO
726 237 863 298 SANCTO
881 239 1082 303 ardabasto
1101 241 1168 302 blo.
1189 242 1210 302 l.
1699 246 1753 308 888
1804 260 1807 269 “

101 351 156 409 Sed
172 353 282 423 inquis:
299 352 578 412 perennandum
595 356 699 411 ntiaerat
711 355 745 410 mi
766 355 902 425 exsilium,
918 361 1017 424 Aoum
1033 359 1132 415 talibus
1148 360 1246 416 litteris
1264 355 1396 419 dininilus
1415 362 1468 419 sibi
1487 362 1641 421 commissis
1655 377 1757 435 repra·

102 456 127 503 et
140 463 181 501 rate
191 447 307 518 oportuit
321 447 401 516 patris
414 449 463 503 mei
475 464 567 520 parere
577 449 693 506 statutis.
707 449 793 520 Pone,
809 451 900 518 nutris,
955 451 1117 508 certaveris.
1132 451 1168 509 At
1183 467 1255 509 nune
1270 468 1331 510 cum
1345 468 1407 511 esse
1422 454 1612 525 comprobaris
1624 454 1754 525 Asianus,

103 539 260 595 haereticum
273 554 335 596 esse
346 539 526 597 Athanasium
540 560 546 596 :
562 544 585 597 si
607 553 681 598 reete
697 541 786 598 iuerat
802 544 903 598 missus
954 555 981 600 et
996 547 1107 616 cupiens
1120 546 1243 604 haeresen
1257 559 1329 603 tuam
1344 533 1466 605 inuenire
1482 548 1589 617 locum,
1601 550 1690 606 uirum
1701 550 1758 622 jus·

103 633 136 689 ad
150 634 291 695 exsilium.
302 649 351 689 eur
364 649 427 691 enm
437 651 536 706 passus
546 651 576 692 es
586 644 680 693 contra
696 636 782 707 patris
796 636 833 691 tui
846 644 904 692 sta·
954 646 1011 694 tum
1023 641 1206 710 persequaris,
1218 640 1280 711 quia
1293 641 1341 697 ille
1354 641 1483 699 videlicet
1494 643 1529 698 sit
1543 642 1668 699 eamdem
1681 642 1756 699 omni

102 733 161 782 tuta
184 728 306 797 recipere
323 725 503 797 dignitatem,
525 744 607 800 quarn
630 730 655 785 ei
668 743 699 784 se
722 728 904 784 tulisse'tuus
955 732 1015 787 nisu
1032 733 1212 806 impugnans,
1226 742 1301 791 reete
1316 749 1347 791 es
1361 745 1535 806 comparatus
1550 737 1610 793 cani
1635 737 1753 793 redienti

102 823 253 878 arbitratus
275 820 363 879 iuerat
378 824 472 894 paterl
494 823 548 881 Sed
563 823 577 864 ¹³
603 825 693 892 inquis
708 841 715 879 :
737 823 842 880 Fratris
854 824 904 879 mci
953 825 988 882 ad
1002 840 1080 881 suum
1095 827 1236 882 vomitum.
1251 825 1318 882 ltem
1334 826 1416 882 etiam
1430 829 1456 882 in
1471 826 1520 883 illo
1535 828 1605 884 iacto
1617 837 1663 885 tuo
1676 844 1756 900 egre·

103 907 256 970 Constantis
271 915 369 984 iactant
389 925 427 971 eat
439 917 592 972 interocmtt.
606 917 661 973 Sed
679 918 792 987 potuisti
807 933 905 974 oecur-
954 920 998 991 gio
1011 929 1086 975 recte
1098 919 1297 989 compamndus
1307 921 1379 986 cani,
1392 921 1437 991 qui
1451 921 1563 978 redierit
1577 921 1609 976 ad
1623 921 1753 978 vomitum

22 1005 27 1015 '
102 1021 165 1063 rere
179 1005 342 1075 Constanti,
356 1006 452 1064 dicens
466 1026 473 1063 a
497 1007 577 1065 Pater
600 1018 685 1065 noster
698 1026 773 1082 quem
785 1011 904 1083 probarit
954 1028 1043 1079 suum,
1055 1013 1127 1084 quod
1139 1014 1212 1071 enim
1228 1014 1369 1083 acceperis
1382 1015 1536 1082 veritatem,
1546 1030 1600 1071 non
1612 1030 1674 1072 esse
1687 1025 1699 1064 t
1710 1030 1756 1073 ea-

102 1096 252 1153 hceretieum
266 1100 357 1156 nisiae
369 1101 525 1169 comeaerit,
539 1105 654 1171 recipcre
674 1103 701 1156 in
721 1112 809 1174 partes
829 1104 904 1176 regui
955 1104 1083 1161 tbulicum
1094 1104 1228 1161 Adoxium
1241 1105 1556 1173 Cerartaniciensium,et
1568 1106 1677 1164 dederis
1689 1122 1757 1164 con·

101 1193 151 1246 mei
160 1208 211 1247 non
223 1209 337 1263 possum.
351 1193 405 1251 Sed
417 1194 518 1265 inquis,
532 1193 619 1249 Timui
632 1205 643 1233 0
656 1194 765 1250 nrinter
775 1210 823 1250 noa
836 1196 904 1251 bella
954 1205 995 1253 tra
1010 1197 1134 1254 eumdem
1148 1199 1251 1254 litteras
1265 1198 1299 1254 ad
1318 1197 1519 1266 Antiochenos,
1536 1209 1562 1253 et
1578 1211 1671 1270 postea
1684 1201 1756 1257 bunc

101 1285 213 1357 {aierent
231 1298 298 1342 orto.
314 1286 386 1358 Ergo
409 1288 472 1360 quia
490 1288 643 1359 soporinus
665 1285 835 1345 ‘¹Persarum
854 1305 904 1346 rex
954 1291 1079 1347 eumdem
1097 1290 1232 1347 Adoxium
1254 1290 1404 1347 delendere
1423 1292 1544 1361 ceperis
1558 1291 1680 1348 ueritatis
1694 1306 1756 1350 esse

101 1393 174 1434 nunc
195 1388 290 1434 eontra
306 1388 334 1436 te
352 1380 424 1452 gerit
448 1380 583 1451 praelium,
600 1382 623 1436 si
638 1382 687 1438 tibi
703 1382 823 1438 dixerit:
838 1383 906 1438 Sne·
954 1382 1103 1445 duetorem.
1116 1383 1200 1453 ipsius
1211 1383 1335 1439 ltmresen
1348 1384 1511 1439 catholicam
1522 1381 1647 1454 judicans
1661 1383 1753 1441 iidem.

101 1470 161 1541 cipe
173 1471 311 1542 religiones
331 1488 402 1529 mem
421 1481 445 1528 et
458 1489 501 1528 ero
516 1482 599 1528 tecum
614 1483 733 1541 pacatam
747 1484 773 1529 te
795 1482 904 1545 opurtct
953 1473 1059 1544 Quare,
1082 1473 1240 1542 Constanti,
1256 1485 1309 1531 tam
1334 1476 1417 1531 lerisl
1430 1476 1607 1546 quamobrem
1630 1476 1657 1533 in
1674 1491 1756 1534 causa

100 1575 164 1617 cum
186 1564 313 1618 omnihus
333 1564 360 1620 in
384 1564 499 1635 imperio
520 1574 567 1621 tuo
586 1565 794 1622 demorantibus
815 1565 904 1623 lacero
954 1565 1033 1632 lidei,
1054 1575 1085 1622 ut
1109 1568 1198 1624 ventis
1227 1567 1397 1638 pulsantibus
1419 1567 1538 1636 arundo,
1563 1567 1681 1625 flecteris
1702 1569 1756 1626 buc

101 1657 245 1713 transitum
260 1657 294 1713 ad
314 1657 463 1730 religiones
482 1659 659 1715 daemonum?
672 1660 815 1719 daemoniis
829 1662 903 1718 enim
953 1671 1035 1731 atque
1047 1661 1128 1717 illuct
1139 1661 1203 1733 quid
1216 1662 1316 1718 mirum
1330 1662 1353 1717 si
1368 1670 1423 1718 tam
1433 1661 1522 1719 iacilis
1535 1661 1622 1728 inisti,
1633 1664 1667 1721 ad
1680 1664 1757 1721 dam-

99 1750 258 1807 sacriiioans
276 1760 317 1807 est
337 1752 500 1822 soporinus.
520 1751 665 1823 Conspicis
682 1755 756 1811 enim
779 1765 791 1793 ι
806 1770 858 1812 non
876 1764 902 1812 te
916 1755 940 1817 Β
955 1754 1072 1811 nanrdum
1086 1753 1275 1821 Athanasium,
1289 1755 1372 1812 etiam
1387 1763 1503 1813 cunctos
1516 1757 1563 1813 bei
1576 1757 1692 1815 inritare
1706 1771 1756 1812 sa-

101 1842 192 1914 ogisse
206 1853 235 1899 ut
245 1844 292 1900 bei
303 1859 424 1914 serrum,
435 1845 609 1917 suscipiendo
622 1861 695 1913 eum,
710 1854 739 1903 et
750 1848 810 1902 ioco
823 1861 903 1915 reto
953 1847 1097 1905 cerdotesi
1110 1848 1329 1919 quandoquidem
1355 1850 1437 1905 etiam
1464 1849 1491 1905 in
1517 1859 1589 1907 statu
1614 1851 1756 1924 religionis

101 1937 190 1993 cando
210 1952 261 1994 suo
276 1953 356 2009 quem
378 1939 550 1995 meminisses
565 1940 592 1994 in
606 1953 715 1995 causam
729 1938 790 1996 lidei
806 1939 904 2012 depor-
955 1950 1027 1997 tanta
1048 1955 1129 2013 agere
1155 1957 1204 2012 per
1227 1951 1301 1998 tuam
1327 1957 1381 1999 trun
1405 1942 1538 2000 dubitaris
1560 1948 1753 2003 temeritatem.

101 2037 198 2084 tatum.
214 2029 305 2086 Prinm
319 2031 392 2102 quod
414 2031 590 2102 impotentem
613 2031 780 2101 judicareris
800 2031 901 2098 licum,
954 2034 1109 2092 Eberbuisti
1125 2035 1158 2092 acl
1177 2034 1331 2093 innocentis
1346 2036 1514 2093 tundendum
1530 2040 1690 2111 sanguinem
1706 2054 1755 2097 rex

93 2128 237 2192 tamquam
259 2131 286 2178 te
307 2123 375 2179 tueri
391 2138 445 2181 non
462 2123 597 2195 potuerit,
614 2132 735 2181 tuentem
747 2127 902 2194 veritatem,
955 2128 1102 2199 piissimus,
1113 2137 1251 2198 mrnquam
1265 2143 1320 2184 non
1330 2129 1506 2186 meminisses
1516 2131 1662 2202 scriptum:
1676 2129 1755 2203 licpis

101 2216 239 2274 haereticis
254 2218 446 2285 resistentem;
462 2216 561 2274 deinde
575 2219 647 2290 quod
670 2220 755 2290 magis
776 2220 825 2275 tibi
840 2235 904 2291 pro·
953 2224 981 2277 in
995 2222 1101 2277 ueritate
1108 2219 1254 2296 judicantia
1264 2223 1296 2279 de
1309 2222 1477 2293 paoperibus,
1487 2222 1560 2277 aedes
1574 2226 1631 2296 ejtta
1643 2224 1670 2278 in
1685 2224 1756 2278 teati-

101 2311 197 2385 pitiutn
221 2328 283 2370 esse
303 2313 423 2370 voluteris
462 2311 656 2381 Constantem,
679 2329 759 2386 puram
787 2316 871 2371 Deum
895 2333 901 2368 :
953 2317 1068 2370 moniam
1083 2324 1198 2387 resurget
1212 2312 1295 2388 (liid.
1312 2314 1526 2388 xa11,=‚ii);sed
1539 2326 1566 2371 tu
1580 2314 1757 2386 hincputasti

100 2418 183 2476 quiem
199 2404 291 2475 utique
301 2404 477 2462 Constantem
492 2422 582 2478 rogem
597 2407 620 2462 si
635 2406 792 2463 hereticum
803 2406 902 2464 lactum
919 2402 922 2409 '
955 2416 981 2464 te
995 2423 1151 2474 summurn,
1174 2408 1198 2463 si
1221 2418 1316 2463 contra
1343 2406 1450 2463 diuinas
1475 2408 1531 2463 ires
1553 2409 1718 2480 scripturas,
1732 2408 1755 2464 si

101 2499 266 2555 memineras
288 2499 405 2555 latendo
422 2501 579 2565 Athanasio,
595 2515 676 2571 quem
693 2508 721 2556 tu
733 2500 789 2572 jam
805 2501 903 2573 proba·
952 2511 1119 2572 carnotenum
1132 2499 1482 2572 probibentiecisses.0dis
1494 2499 1671 2557 Athanasium
1682 2500 1755 2571 quod

101 2600 159 2647 tum
181 2590 301 2648 habebas
324 2593 503 2664 sacrilegum,
524 2607 577 2649 non
601 2595 689 2650 solum
714 2609 768 2650 non
788 2610 902 2667 regnum
954 2594 1119 2650 christianus
1133 2593 1274 2665 cinquant
1288 2607 1350 2650 csse
1366 2593 1485 2650 nolanorit
1500 2592 1571 2661 Arii,
1590 2603 1618 2650 ut
1633 2604 1661 2649 tu
1673 2593 1753 2662 dicis,

102 2694 176 2750 tuum
190 2683 248 2740 Deo
257 2685 392 2741 debueras
412 2700 591 2756 praeponere,
606 2686 653 2742 sed
665 2700 715 2743 nec
730 2687 815 2756 ipsam
828 2695 901 2742 tuam
954 2687 1113 2757 discipulus,
1124 2701 1232 2743 summo
1244 2702 1305 2742 eum
1322 2688 1494 2758 persequeris
1507 2687 1571 2743 odio
1585 2706 1592 2742 :
1608 2687 1656 2743 sed
1673 2687 1755 2744 talem

101 2778 231 2835 animam.
243 2777 283 2833 'lu
296 2779 398 2856 etenim
417 2781 475 2851 ipso
495 2780 573 2835 testis
593 2794 623 2835 es
641 2780 820 2836 conscientiae
833 2789 902 2847 tua,
955 2790 982 2838 te
995 2783 1067 2838 circa
1081 2797 1143 2838 eum
1159 2783 1276 2837 iuturum
1290 2781 1355 2837 olim
1370 2780 1488 2852 Spiritus
1503 2790 1615 2838 sanctus
1628 2781 1755 2839 ostende·

101 2872 174 2945 quod
186 2873 258 2929 enirn
270 2882 380 2944 propter
391 2874 470 2930 idem
482 2890 562 2946 quiam
574 2889 683 2946 semper
693 2876 904 2933 tenuitecclesia
954 2882 1007 2940 rat,
1022 2886 1072 2929 ore
1084 2871 1240 2929 Salomonis
1250 2873 1362 2929 dicens:
1378 2874 1540 2929 Abominatio
1550 2883 1587 2929 eat
1599 2876 1687 2948 jnatna
1700 2874 1755 2929 niro

100 2979 133 3022 ae
149 2975 235 3031 tenet,
248 2967 320 3037 quod
334 2983 394 3023 eam
413 2966 544 3023 damnare
558 2967 694 3035 nolucrit,
711 2969 809 3025 missus
824 2969 904 3025 luerit
954 2967 1041 3039 iniquo
1056 2965 1138 3039 (ibid.
1153 2965 1211 3040 87).
1223 2965 1294 3033 ΝοΙί,
1305 2966 1462 3034 Constanti,
1474 2966 1564 3024 adhue
1577 2967 1714 3024 demorari
1726 2967 1754 3024 iu

100 3057 135 3114 ad
148 3058 291 3126 exsilium,
307 3061 369 3131 utria
391 3059 520 3116 uidelicet
540 3060 658 3116 noluerit
680 3076 741 3117 esse
762 3063 902 3118 Arianus:
955 3063 999 3120 bis
1014 3064 1107 3128 malis,
1119 3063 1179 3119 noli
1202 3063 1248 3118 [lei
1263 3061 1337 3118 abuti
1350 3062 1497 3134 patientia,
1514 3063 1604 3118 retine
1624 3062 1753 3133 scriptum

102 3151 206 3209 idcirco
225 3168 343 3222 namque
359 3153 537 3209 Athanasium
561 3167 688 3225 perosum
711 3155 832 3212 habitum
859 3136 1093 3214 lacinanus
1114 3159 1239 3228 psalmo:
1255 3156 1391 3213 Excitatus
1413 3165 1450 3212 est
1474 3166 1606 3225 tanaqaont
1625 3157 1754 3211 decutiens

102 3253 179 3317 patre
190 3255 237 3300 tuo
248 3259 300 3300 non
314 3244 381 3316 iugit
392 3255 429 3311 te;
440 3245 659 3317 qtrandonnidem
673 3257 700 3304 et
712 3258 739 3303 tu
753 3249 779 3304 in
795 3264 825 3303 ca
840 3263 902 3305 cum
956 3248 1098 3314 Dominus,
1111 3260 1241 3321 temperant
1253 3260 1344 3320 potens
1361 3249 1514 3318 crapulatus
1535 3264 1551 3302 c
1565 3248 1642 3312 aino,
1659 3257 1682 3301 et
1697 3264 1756 3318 per-

101 3336 223 3409 digneris
244 3339 368 3410 persequi
388 3355 485 3402 causa,
502 3339 529 3394 in
543 3354 594 3410 qua
612 3339 693 3397 inerit
706 3352 734 3398 et
748 3351 809 3397 tuus
823 3350 901 3415 patet·
955 3342 1035 3397 carsit
1049 3357 1135 3397 omnes
1144 3342 1263 3405 ininticpa
1275 3357 1334 3396 arcos
1348 3339 1362 3378 ²¹
1376 3341 1404 3395 in
1415 3340 1574 3409 posteriora·
1590 3339 1755 3412 opprobrium

101 3439 272 3502 persecutus.
288 3432 366 3488 Dicat
380 3431 498 3504 denique
515 3447 546 3489 sc
561 3449 615 3488 non
628 3448 690 3490 esse
703 3434 902 3504 christianum,
955 3434 1137 3506 sempiternam
1159 3433 1230 3489 dedit
1251 3433 1304 3488 illia
1327 3432 1391 3503 (Pa.
1408 3448 1513 3497 arsen,
1536 3432 1598 3502 65).
1624 3431 1653 3486 ln
1676 3448 1757 3488 narrt

102 3523 220 3581 latratur
234 3540 265 3581 se
277 3526 417 3593 Ariannm,
435 3535 463 3583 et
482 3526 535 3583 erit
546 3528 616 3598 apud
631 3539 658 3584 te
670 3518 904 3601 sapientissimus,
958 3524 1074 3596 psalmo,
1090 3524 1238 3596 Quousque.
1254 3524 1321 3579 dieii
1333 3523 1452 3591 Spiritus
1464 3521 1753 3597 8811οῑ113·1888838*ξ

103 3633 227 3691 magnus.
241 3619 324 3690 Digne
339 3621 429 3691 itaque
441 3630 617 3690 comparatus
634 3611 748 3688 escaati',
759 3623 804 3694 qni
815 3622 906 3680 redie-
956 3616 1134 3689 iniguitatem,
1155 3626 1180 3672 et
1206 3616 1299 3687 sociem
1320 3619 1483 3688 peccantium
1501 3615 1623 3672 sumitis?
1636 3614 1759 3672 iudicate

101 3711 139 3767 rit
159 3695 196 3766 ad
215 3713 344 3768 inmittam
358 3728 436 3768 suurn
456 3733 463 3768 a
481 3713 538 3784 iam
557 3715 629 3769 enim
652 3715 818 3772 christianus
832 3717 906 3774 testi·
960 3712 1088 3782 pnpittnn
1101 3723 1124 3767 et
1136 3728 1261 3784 egenum,
1274 3712 1399 3766 humilem
1412 3719 1435 3766 et
1448 3724 1589 3781 pauperent
1599 3709 1756 3782 justificate.

103 3805 237 3875 mobaris,
251 3817 280 3865 et
295 3822 349 3865 noo
371 3823 434 3865 esse
450 3808 582 3875 brianus,
598 3824 632 3865 ex
652 3825 706 3880 quo
727 3809 906 3868 Athanasium
960 3803 1061 3876 Eripite
1074 3820 1221 3876 mutem,
1237 3815 1262 3861 ll
1276 3819 1385 3875 ieelim
1398 3803 1430 3857 ‘¹⁶
1447 3818 1526 3859 milii
1539 3802 1680 3877 peccatoria
1696 3801 1759 3856 15⁶⁶·

103 3989 196 4046 nasius
208 3988 338 4045 Ecclesiae
349 3988 556 4046 suarestitutus
566 3987 908 4061 iuit;iisquejussitomnia
959 3989 1023 4044 anni
1046 3995 1171 4046 coactum
1197 4002 1292 4046 mense
1315 3988 1447 4056 octobri,
1473 4003 1535 4044 cum
1563 3987 1760 4058 imperatorem

101 4061 130 4117 in
144 4061 345 4118 sanctissimum
360 4061 514 4117 Antistitem
529 4060 633 4116 nelarie
647 4061 756 4117 decreta
772 4061 908 4133 abrogari.
958 4058 1196 4132 Constantinopoli
1209 4060 1332 4128 adiisset,
1344 4069 1372 4117 et
1379 4060 1531 4116 doctrinam
1545 4058 1617 4114 Aetii
1627 4057 1690 4114 liele
1703 4055 1762 4127 eju-

140 4131 194 4188 ·ld
216 4133 330 4202 contigit
353 4147 398 4187 an.
424 4133 477 4188 556
493 4148 554 4187 cont
570 4131 748 4196 Constantius
768 4132 803 4187 hl.
824 4133 909 4189 Euse-
958 4143 1046 4188 rasset
1062 4149 1069 4186 ι
1087 4147 1160 4188 anno
1176 4148 1242 4190 tero
1262 4130 1418 4202 insequenti
1439 4130 1503 4196 560,
1526 4130 1674 4187 Ecclesiam
1689 4126 1761 4184 Con-

102 4202 246 4260 bianorum
265 4203 389 4271 insidiis,
405 4218 437 4258 ac
451 4203 592 4260 fraudibus
607 4202 810 4257 circumuentus
824 4204 909 4259 Atha·
959 4202 1571 4276 stantinnpnlitanamobtinuit.igituaneiler
1586 4206 1697 4256 ineunte
1707 4199 1762 4254 oir-
1842 4214 1849 4234 ¹

103 4277 222 4335 tracium,
235 4275 282 4346 qui
296 4275 562 4341 Constantinopolim
575 4274 681 4328 adierat
693 4273 754 4344 ejus
768 4287 848 4343 opem
861 4276 909 4328 iun·
959 4273 1029 4329 citer
1048 4289 1121 4329 anno
1150 4274 1213 4333 360.
1235 4276 1321 4330 librns
1339 4274 1423 4329 hosce
1443 4274 1591 4330 scribebat.
1604 4269 1672 4326 Cum
1697 4283 1764 4324 veno

102 4349 274 4419 ploraturus,
287 4346 413 4403 exsulem
428 4347 454 4400 in
470 4344 573 4403 Callias
588 4344 673 4399 misit.
959 4345 1062 4407 subdit,
1076 4343 1265 4401 Constantium
1282 4345 1402 4400 Eudoaii
1422 4345 1547 4400 baeresim
1564 4344 1648 4397 ueluti
1664 4340 1762 4395 catino·

139 4417 357 4475 b[intercesserat
370 4418 441 4473 enin
454 4415 591 4473 Constans
599 4414 753 4471 Constantii
763 4413 847 4470 irater
858 4430 908 4485 pro
920 4401 948 4465 Ι)
961 4413 1038 4470 licam
1054 4414 1133 4471 iidem
1148 4416 1290 4484 probasse,
1305 4416 1426 4482 intellige
1437 4415 1565 4469 Arianant
1581 4411 1720 4472 heresim,
1733 4408 1760 4464 in

103 4489 245 4546 Athanasii
256 4489 346 4546 reditu
356 4504 402 4544 nat.
412 4487 605 4571 5d8;cumque
615 4485 792 4542 Constantius
800 4484 912 4542 Persico
963 4501 1016 4552 nus
1032 4485 1183 4541 susanam
1199 4487 1233 4541 ab
1245 4484 1368 4540 suanno
1382 4483 1418 4539 ita
1435 4485 1499 4540 dicti
1516 4482 1662 4553 plurinnuu
1676 4480 1763 4562 polle·

103 4560 177 4617 belin
189 4570 370 4630 premeretur,
383 4576 416 4615 ne
427 4556 583 4614 Constantes
594 4558 693 4615 auxilia
704 4559 756 4613 sibi
769 4557 911 4624 deessent,
963 4555 1044 4622 bant;
1060 4558 1094 4610 ab
1107 4571 1140 4612 ea
1161 4564 1251 4612 tamen
1266 4554 1338 4611 Aetii
1352 4557 1448 4626 dogma
1462 4555 1634 4635 discrepabat
1652 4568 1658 4604 :
1675 4550 1718 4633 rei
1735 4566 1761 4604 tn

104 4632 323 4702 ltujttspetitioni
337 4631 432 4686 maluit
447 4630 588 4686 assentiri.
962 4640 994 4682 ea
1009 4625 1121 4683 Lucilor
1133 4627 1265 4696 opinione
1289 4627 1351 4692 luit,
1367 4642 1452 4682 noras
1474 4624 1545 4681 Aetli
1562 4625 1765 4694 blaspbenuas,

142 4707 226 4760 ⁰‘tloc
239 4719 347 4775 quoque
360 4702 537 4758 Constantius
549 4699 648 4767 timuit,
663 4715 698 4756 ne
710 4698 846 4756 Constans
859 4699 912 4756 Ca·
961 4713 1029 4769 utras
1046 4698 1185 4754 liudotius
1199 4698 1331 4770 usquead
1344 4699 1448 4754 obitum
1458 4698 1651 4770 propugnavit,
1663 4709 1677 4749 a
1691 4691 1763 4749 Con·

104 4775 222 4831 tholicus
236 4775 386 4845 imperator
401 4775 426 4828 in
441 4788 472 4829 se
485 4787 560 4827 :iruna
571 4779 755 4827 converteret.
962 4772 1064 4825 stantio
1079 4769 1222 4826 damnatas
1244 4785 1298 4825 nun
1320 4769 1422 4836 inisse;
1447 4784 1507 4825 cuttu
1525 4769 1608 4840 probe
1623 4773 1717 4823 nosset
1736 4773 1766 4820 et

140 4842 280 4917 ditigebat
290 4845 380 4901 adhuc
390 4843 530 4900 Persicum
541 4844 721 4907 helhuu,cnm
731 4841 841 4897 Luciier
851 4840 920 4898 buc
963 4840 1117 4897 Cudoxium
1138 4841 1166 4896 in
1189 4843 1323 4898 sententia
1343 4852 1477 4905 perstare,
1491 4849 1520 4896 et
1532 4839 1683 4896 Constantii
1700 4850 1763 4919 gra·

104 4917 239 4974 scriberet
256 4936 263 4972 :
279 4925 307 4972 et
327 4917 427 4987 ingenti
444 4924 573 4984 apparatu
587 4913 767 4970 Constantius
782 4916 808 4968 itt
823 4911 909 4982 Sapo·
964 4910 1028 4967 tiam
1053 4912 1142 4968 adhinc
1170 4913 1303 4969 obtinere.
1331 4912 1509 4969 Constantius
1532 4923 1621 4967 tamen
1649 4913 1764 4964 Actrano

103 5004 163 5045 rent
191 4989 336 5044 Persarum
361 5002 453 5058 regem
480 4987 613 5043 militares
639 4987 732 5058 copias
758 4987 911 5042 instruebat
963 4985 1049 5039 errori
1064 4999 1210 5051 ntttnuusm
1221 4983 1345 5040 adhesit.
1358 4985 1406 5040 liic
1415 4983 1523 5040 Luciler
1538 4981 1688 5062 Endosiurn
1699 4975 1766 5033 Cer·

105 5076 179 5116 atino
191 5068 309 5116 exeunte
324 5059 388 5115 560.
964 5055 1172 5121 manicieminm,
1184 5056 1467 5119 sciliectAotistitem,
1478 5056 1607 5125 appellnt,
1624 5065 1695 5121 nura,
1707 5049 1763 5102 An·

143 5130 371 5200 ‘denunciatio
965 5126 1122 5182 tioobenunt
1143 5125 1337 5197 Episcopatunn
1353 5142 1414 5183 cum
1437 5125 1465 5180 vi
1485 5125 1647 5195 arripuisset
1667 5126 1764 5203 contra

145 5202 154 5240 l
171 5202 252 5271 vioe,
269 5216 330 5274 puae
344 5204 370 5258 in
386 5199 467 5257 Prai.
483 5199 518 5256 de
533 5199 584 5255 bac
597 5214 629 5256 re
645 5199 758 5258 ubertus
775 5197 911 5256 disserui·
964 5195 1105 5254 Canonum
1118 5197 1238 5263 decreta,
1254 5205 1284 5253 et
1295 5196 1475 5266 imperaturis
1488 5197 1669 5278 uoluntatem,
1685 5192 1766 5257 hunus

109 5290 180 5332 mus.
963 5279 1138 5343 epnsenpatns
1157 5271 1237 5325 titulo
1249 5270 1380 5340 appellari
1392 5271 1454 5341 jure
1469 5283 1522 5323 non
1535 5268 1646 5331 deinnt;
1660 5272 1694 5347 et
1708 5262 1763 5316 lor·

143 5340 156 5395 l
172 5349 255 5404 Gesta
271 5346 329 5401 hacc
343 5353 407 5400 snm
418 5359 464 5400 au.
480 5341 545 5410 558,
559 5356 621 5397 cunt
645 5341 800 5409 Eudoxius,
815 5339 916 5397 Antio·
965 5349 1038 5399 tasse
1051 5341 1171 5398 trundum
1187 5341 1312 5397 audierat
1326 5342 1445 5404 brteiler,
1461 5354 1524 5394 curu
1540 5337 1600 5393 hac
1614 5335 1763 5419 scriberet,

105 5419 194 5475 eirena
216 5418 440 5486 sedeoccupata,
463 5430 562 5470 norum
586 5415 657 5469 Aetli
682 5412 780 5482 dogma
801 5426 912 5471 secutus
965 5411 1041 5469 illum
1073 5416 1099 5470 iu
1133 5414 1232 5471 Sedent
1264 5411 1594 5481 constantinopolitanam
1628 5417 1763 5487 intrusum

106 5499 149 5547 est
163 5509 169 5543 :
187 5491 237 5544 hac
254 5488 289 5545 dc
309 5503 391 5544 causa
407 5487 479 5557 apud
489 5485 680 5541 Constantium
692 5493 861 5540 accusatusa
874 5484 913 5541 lo-
964 5484 1060 5547 luisse,
1073 5483 1232 5540 Macedonio
1242 5482 1360 5552 dejecto,
1375 5495 1469 5537 uteuse
1482 5480 1611 5537 ianuario
1622 5494 1684 5534 anm
1698 5474 1763 5530 580.

106 5561 178 5633 gatis
192 5560 329 5631 Aneprani
346 5569 514 5620 esuriremus,
530 5571 580 5626 per
600 5557 706 5611 litteras
721 5554 910 5626 imperatoris,
998 5553 1011 5592 ¹¹
1028 5556 1105 5612 ten.
1120 5554 1185 5612 Ant.
1202 5552 1275 5610 Meos
1290 5566 1368 5610 retro.
1385 5552 1495 5609 Lucifer
1509 5567 1543 5609 ex
1558 5551 1667 5619 Graeco,
1683 5549 1762 5605 circi

106 5644 134 5689 ct
155 5632 278 5703 ejusdem
293 5631 406 5687 decreto
421 5632 455 5685 ab
470 5631 514 5684 illa
530 5625 596 5683 sede
615 5626 752 5698 dejicitur.
768 5631 846 5681 Anno
860 5642 910 5683 au·
961 5627 998 5689 cle
1010 5629 1044 5684 mi
1055 5629 1150 5683 inico.

108 5715 164 5769 tem
174 5703 245 5833 85⁰⁸
262 5705 460 5769 Acaciapornm
481 5713 534 5770 ope
549 5698 634 5759 iretns
649 5701 684 5753 >in
707 5696 820 5768 gratiam
834 5696 906 5775 (ἔοις
999 5697 1005 5734 ⁵
1024 5696 1100 5754 iere.
1115 5698 1179 5754 Ant.
1192 5693 1357 5752 iudicatis...
1369 5696 1488 5770 iudicate
1499 5697 1601 5770 pupillo
1613 5704 1638 5750 et
1651 5706 1741 5767 egenos

109 5767 170 5833 tuh
195 5766 298 5834 irsdllt
321 5769 384 5846 poit
404 5769 621 5830 Concillalttlluot
637 5764 812 5831 Scleuclensa
825 5767 906 5840 bdiut
