3900 6134
144 233 198 291 too
592 206 594 211 ’
845 240 1114 301 nuttrcccoueus.
1740 265 1796 338 ¹tto

139 349 199 422 ptui
215 348 324 405 bubitus
341 348 440 407 llelettt
456 351 640 408 communioni
663 355 880 422 renuntiaverat,
895 374 946 415 nec
959 363 984 424 Α
999 361 1053 415 lino
1077 364 1108 416 olr
1124 361 1261 420 Occidente
1282 366 1382 424 ttttcrtn
1405 373 1528 440 quosdam
1551 376 1629 431 relati
1657 380 1796 452 cujusdam

140 445 213 501 alter
226 444 531 516 supererathntiucbiae
546 446 698 503 catholicus
711 449 866 520 episcopus,
879 468 947 521 nutu·
998 453 1156 527 principatus
1184 466 1306 512 miserem
1330 460 1537 530 alletoritatem,
1563 468 1687 540 rudique
1708 470 1798 539 efferri

141 553 207 595 cum
229 553 294 611 spes
319 549 391 597 esset
404 552 436 596 ut
459 539 661 597 communicare
675 543 766 605 vellet.
779 558 860 614 quam
876 542 947 599 Pau·
997 544 1077 613 lnior
1093 549 1172 616 pertis
1184 549 1270 616 duces,
1286 560 1309 606 et
1323 554 1433 625 gloriari
1445 555 1478 611 de
1492 555 1595 623 tunm,
1611 559 1705 616 deirtde
1716 565 1794 618 epam

141 633 229 691 linus.
244 634 377 700 Secunda,
397 634 471 704 quud
499 635 634 704 liclctitts,
649 638 695 708 qui
721 638 801 708 lottge
823 638 946 695 aberata
997 637 1075 706 fidem
1101 655 1254 712 proponere,
1269 660 1300 697 uc
1318 660 1348 700 cu
1362 647 1509 703 conditione
1531 661 1636 721 peretot
1659 670 1714 710 etse
1736 672 1795 712 ctttrt

143 730 349 802 congregem
371 730 501 786 exsilium
523 731 629 802 pulsus,
643 730 804 802 gratissimo
817 731 880 788 bnic
899 748 947 789 nc·
998 738 1087 784 utute
1117 731 1235 789 Eccteu‘o
1265 739 1388 811 conjungi
1414 738 1482 811 (b).
1512 743 1553 796 An
1576 759 1644 799 nero
1676 749 1796 818 apertius

143 821 273 894 gotioea,
285 836 340 894 qua
363 831 489 893 parerat,
506 822 644 895 diligentia
668 825 838 895 expediendo
849 825 947 882 adesse
997 819 1131 893 designari
1144 835 1279 895 poteraut,
1304 843 1365 897 nuce
1382 828 1516 888 Damasus
1526 833 1560 888 ad
1574 834 1714 894 Paulinum
1726 842 1796 898 scri·

144 929 200 969 non
226 922 340 984 poterat.
370 912 481 982 Tertia,
506 916 568 986 quia
593 913 720 972 Paulinus
753 927 857 987 contra,
888 925 948 973 erat
998 925 1099 984 pscrat,
1112 932 1144 974 nc
1156 918 1213 988 ipsa
1241 920 1392 978 litterarum
1420 925 1513 992 rerba,
1529 944 1618 997 etima
1634 932 1711 989 nobis
1727 936 1798 992 reci-

143 1007 293 1065 Antiocbiae
308 1023 442 1080 presens,
455 1020 483 1067 et
496 1018 571 1067 recte
586 1008 648 1065 lldei
663 1010 781 1066 studium
797 1025 853 1081 pre
865 1026 896 1066 se
905 1020 947 1067 tu·
997 1009 1248 1077 masenceium
1268 1013 1402 1083 exprimi?
1414 1019 1455 1073 An
1469 1032 1600 1076 veronen
1623 1023 1656 1079 iis
1669 1024 1798 1082 Paulinus

142 1103 211 1159 ierat
224 1103 252 1159 iu
266 1119 298 1160 ea
309 1103 388 1170 urbe,
405 1118 539 1175 suumque
564 1107 683 1175 regimen
698 1104 815 1161 Dumnso
826 1102 881 1174 jum
895 1119 946 1175 ap·
997 1101 1133 1171 quoddam
1148 1105 1232 1160 ueluti
1260 1107 1418 1176 apostulicm
1432 1114 1630 1169 communionis
1647 1115 1673 1170 in
1686 1116 1798 1177 Oriente

141 1200 321 1271 probaverat.
338 1200 417 1256 illum
442 1200 486 1255 bis
529 1200 679 1282 rationibus
705 1199 863 1255 inclinatum
889 1199 945 1269 lam
997 1190 1149 1263 symbolum
1173 1212 1204 1252 ac
1223 1207 1305 1268 caput
1321 1204 1547 1273 cortstituebatur,
1576 1223 1636 1263 cuna
1664 1209 1798 1270 Damasus

141 1309 209 1366 erga
233 1293 394 1360 Paulinum,
422 1308 583 1364 promovere
615 1294 696 1350 ctiam
722 1300 868 1363 potueruut
891 1302 946 1348 tutu
998 1284 1075 1341 illum
1090 1303 1140 1343 suo
1154 1289 1472 1365 locoponinatqueeos,
1488 1298 1533 1369 qui
1546 1298 1660 1359 Paulino
1673 1318 1798 1361 cornmu.

143 1385 301 1456 exemplum
320 1384 475 1452 Athanasii,
491 1384 538 1456 qui
561 1384 651 1457 quoad
677 1385 754 1449 risit,
777 1382 948 1440 communio-
998 1380 1172 1451 tricaverint,
1207 1400 1301 1442 secutn
1333 1390 1524 1448 commuuione
1557 1392 1667 1465 junctos
1692 1397 1800 1454 censeri

144 1493 210 1535 uem
224 1477 518 1535 cumeoretinendam
530 1477 647 1542 censuit,
666 1486 722 1532 tutu
737 1474 880 1533 consilium
895 1474 947 1530 Pe-
995 1470 1097 1542 iubet?
1216 1531 1222 1543 ,

143 1571 180 1628 tri
193 1569 369 1628 Alexandrini
380 1569 440 1642 ejus
453 1567 579 1640 discipuli
592 1583 625 1624 ac
647 1568 825 1633 successoris,
840 1566 885 1638 qtri
900 1579 948 1636 per
1037 1564 1091 1620 llas
1111 1574 1200 1623 autem
1227 1568 1333 1628 litteras
1358 1572 1410 1631 boe
1430 1588 1503 1630 attno
1517 1590 1532 1630 a
1548 1577 1664 1635 Damaso
1684 1580 1801 1652 scriptas

142 1661 172 1718 id
185 1670 291 1732 tempus
304 1660 398 1716 Romae
419 1660 535 1726 aderat:
557 1670 613 1716 turn
638 1659 720 1715 ctiam
745 1657 815 1714 haud
835 1658 949 1713 laudan·
999 1662 1110 1718 omnino
1132 1662 1342 1735 luisse.probat
1367 1671 1587 1731 accuratissimus
1616 1672 1683 1730 Vitat
1709 1676 1803 1734 Basilii

145 1752 198 1811 dus
220 1751 322 1810 hlelctii
347 1752 374 1808 in
396 1750 547 1808 Ecclesiam
576 1751 773 1807 Antiochenam
795 1751 946 1821 ingressus,
962 1744 1141 1824 Bscriptor,
1166 1770 1267 1828 easque
1290 1759 1463 1817 immeritos
1490 1764 1575 1821 sodali
1601 1780 1651 1823 suo
1676 1770 1706 1823 D.
1719 1769 1802 1826 Petro

147 1847 360 1918 frequentesque
375 1845 434 1919 ejus
447 1846 482 1903 de
501 1845 621 1903 Ecclesia
636 1845 670 1901 nd
684 1846 833 1903 Ecclesiam
849 1846 948 1917 migra·
999 1845 1159 1904 Constantio
1174 1849 1271 1906 relerri
1285 1851 1319 1907 ad
1333 1868 1398 1909 attn.
1415 1855 1468 1912 578
1478 1856 1525 1928 (c).
1541 1859 1729 1929 Argumentis.
1742 1877 1803 1933 qum

145 1943 247 2009 boues,
259 1957 423 2013 quamquam
449 1939 547 1995 deinde
573 1953 633 1996 eam
657 1950 748 1994 notatu
770 1938 833 1992 ultre
850 1936 950 1993 sancti·
1002 1939 1042 1993 tir
1054 1938 1227 1995 doctissimus
1239 1941 1328 2010 affert,
1345 1946 1475 2001 nottttulla
1486 1964 1537 2019 ego
1550 1959 1652 2005 tantum
1663 1951 1800 2023 adjiciam,

146 2043 208 2091 tsle
234 2049 267 2090 ac
279 2033 341 2090 lldei
363 2033 521 2106 integritate
544 2030 666 2088 eluisset.
692 2031 874 2098 Quamobrem
895 2045 949 2084 non
967 2109 972 2115 ,
1001 2040 1086 2088 utres
1102 2032 1214 2088 omnino
1228 2043 1300 2090 certa
1315 2034 1401 2093 rideri
1422 2040 1517 2107 possit.
1532 2039 1652 2097 Prirnum
1663 2056 1716 2110 est,
1730 2044 1803 2116 quod

148 2127 270 2200 longea
300 2127 452 2184 temeritate
472 2125 584 2189 abeunt,
599 2123 646 2196 qui
661 2123 786 2195 injuriam
813 2122 950 2179 lleletioa
1001 2125 1139 2181 statimne
1165 2125 1317 2183 Dorotheus
1330 2127 1365 2185 ab
1388 2122 1537 2188 Occidente
1560 2148 1686 2190 reversus
1706 2144 1758 2203 est,
1771 2150 1804 2194 ae

149 2225 267 2281 Damaso
278 2222 389 2292 lacurn,
405 2223 485 2294 eique
497 2237 553 2293 prce
568 2220 681 2276 Paulino
695 2210 845 2278 Ecclesiam
856 2219 952 2275 Antio-
997 2210 1106 2271 litteras
1124 2218 1213 2274 attulit
1240 2217 1423 2275 Orientalibus
1450 2221 1596 2293 episcopis,
1626 2225 1743 2282 Basilius
1755 2243 1803 2283 ex-

146 2317 263 2374 cbenam
275 2314 423 2386 adiudicari
435 2313 563 2370 debuisse
575 2311 707 2369 scribunt.
1003 2308 1104 2363 sultare
1132 2310 1234 2379 potius,
1255 2325 1287 2369 sc
1308 2311 1426 2368 lructnm
1450 2314 1566 2385 aliquem
1580 2334 1614 2373 eu
1626 2333 1657 2373 ca
1668 2319 1804 2390 legatione

184 2408 340 2465 Dorotheus
369 2408 459 2480 itaque
479 2406 637 2480 presbyter,
660 2406 705 2477 qui
732 2405 876 2463 commode
901 2405 953 2463 sub
1003 2415 1102 2471 capere
1116 2401 1190 2457 risus
1212 2412 1269 2459 est:
1281 2419 1316 2459 an
1328 2420 1393 2461 vero
1406 2404 1433 2462 id
1453 2406 1512 2464 lieri
1525 2411 1668 2479 potuisset,
1685 2413 1708 2468 si
1721 2412 1806 2472 llele·

147 2503 336 2560 antecedentis
358 2501 422 2559 anni
436 2511 595 2558 autumnum
620 2499 871 2558 reuersusahDrbe
893 2500 952 2556 lue·
1004 2494 1071 2549 tium
1086 2503 1150 2550 aute
1167 2495 1219 2552 boc
1246 2507 1352 2568 tempus
1377 2515 1426 2569 spe
1447 2515 1495 2557 sua
1515 2502 1603 2572 palam
1617 2502 1751 2575 dejectum
1768 2507 1807 2563 ri·

148 2605 205 2660 rat,
219 2610 252 2651 ac
266 2597 402 2668 legatione
424 2596 469 2652 illa
483 2595 607 2653 cunlecta
620 2594 772 2651 hntiochire
783 2595 951 2664 substiterat,
1004 2584 1107 2642 distel?
1124 2587 1225 2644 Deinde
1236 2602 1300 2660 tutu
1325 2590 1457 2647 Damasus
1479 2595 1513 2648 ad
1529 2594 1670 2652 Paulinum
1684 2599 1806 2670 scripsit,

148 2686 279 2743 Basiliam
293 2687 368 2745 illico
391 2686 427 2744 de
450 2689 494 2757 iis,
507 2703 567 2758 quae
581 2687 617 2742 ibi
632 2686 791 2758 agebantur,
807 2686 953 2743 certiorem
1006 2674 1101 2733 Vitalis
1116 2678 1234 2735 rutundum
1246 2679 1335 2737 luerat
1348 2681 1488 2739 ordinatus
1502 2687 1657 2757 episcopus,
1670 2691 1732 2760 quia
1743 2706 1805 2747 eum

149 2778 235 2837 tectu
251 2782 361 2837 sgnum
384 2779 487 2836 septipes
510 2780 545 2836 ab
557 2778 703 2854 opopanace
725 2779 841 2847 litteras,
855 2779 954 2850 quipus
1006 2770 1067 2826 loco
1082 2771 1128 2827 lllii
1144 2770 1236 2839 babet,
1249 2774 1367 2831 acilium
1389 2791 1423 2833 eo
1434 2779 1544 2834 nomine
1559 2781 1586 2837 in
1599 2783 1714 2852 epistola
1729 2800 1806 2841 cont-

150 2872 265 2930 Paulino
293 2873 466 2945 episcopatus
502 2871 672 2943 adjudicatus
699 2869 820 2949 luserat,¹
845 2871 953 2941 illisque
1005 2863 1097 2932 pellat,
1113 2880 1278 2937 quamquam
1291 2868 1499 2927 Norisittsaliud
1519 2889 1603 2946 agens
1625 2875 1704 2932 aliter
1713 2892 1808 2936 sense·

150 2975 284 3036 preterea
304 2965 402 3020 litteris
425 2963 600 3021 Paulinianos
614 2964 662 3030 uti,
677 2973 706 3020 ut
725 2964 881 3020 Terentium
904 2964 954 3020 du·
1005 2955 1040 3012 rit
1053 2956 1105 3028 (d).
1121 2956 1174 3014 Sed
1197 2975 1228 3015 ea
1249 2960 1379 3033 dignitate
1400 2973 1496 3020 auctus
1518 2966 1620 3024 nelarie
1633 2970 1721 3027 lucrat
1735 2988 1809 3030 anno
1904 2972 1907 2979 '

150 3074 213 3116 cem
236 3059 272 3116 ad
295 3059 513 3130 conjunctionem
533 3074 593 3115 cum
610 3057 761 3114 llcletiattis
785 3065 953 3130 pertractan-
1005 3049 1069 3117 576,
1095 3066 1149 3120 ¹1⁰⁰
1170 3053 1335 3123 c⁰¹¹⁰(luillm
1362 3071 1424 3113 ⁰⁰¹¹!
1445 3057 1597 3129 Ellil'hissffl
1617 3061 1806 3138 ¹¹²¹l¹¹ibll¹¹⁰l¹

149 3131 224 3212 pm*
243 3161 443 3226 permoverem,
457 3151 572 3209 Basilius
602 3153 684 3224 igitur
710 3161 766 3206 turn
781 3151 888 3207 hlcletio
902 3152 950 3206 de·
965 3135 988 3200 C
1006 3143 1051 3199 ille
1061 3147 1158 3200 recitat
1172 3145 1218 3218 (e).
1240 3145 1304 3204 ttae
1327 3149 1417 3220 itaque
1444 3152 1557 3222 epistola
1581 3155 1680 3226 scripta
1705 3169 1761 3224 est,
1774 3175 1808 3216 eo

149 3248 285 3306 numi,
297 3263 357 3304 rem
369 3263 490 3313 omnem,
507 3256 564 3302 ,um
583 3242 712 3302 'remmio
725 3245 816 3300 ,parim
831 3244 952 3315 scripsit,
1005 3237 1396 3313 itttertuediotempore,quod
1410 3243 1444 3299 ab
1459 3245 1563 3315 ejusnb
1582 3247 1655 3304 Urbe
1666 3248 1754 3306 reditu
1768 3232 1822 3308 ad‘

150 3358 186 3399 Μ,
199 3357 260 3399 330
273 3340 351 3398 Amr
366 3343 480 3396 omnino
493 3341 570 3396 alteri
586 3340 667 3410 parti,
683 3337 730 3393 sed
747 3351 804 3393 rem
819 3337 951 3407 integrum
1005 3344 1105 3384 autrum
1125 3331 1178 3387 576
1204 3331 1309 3402 lapsum
1337 3334 1434 3390 lueret.
1449 3336 1543 3393 'lertio
1565 3354 1626 3394 cum
1641 3341 1737 3399 litterrc
1753 3344 1807 3402 illae

150 3435 185 3492 ad
206 3433 307 3491 uelem
329 3433 446 3490 redium,
469 3440 603 3490 semm-
624 3430 665 3486 g,
680 3428 714 3485 p,
729 3438 829 3493 autem,
844 3443 904 3500 (μη
918 3427 953 3484 pu
1005 3421 1176 3479 Antiochiam
1202 3424 1312 3494 perlatae
1332 3437 1406 3496 sunt,
1418 3439 1446 3485 ει
1465 3429 1567 3501 uulgari
1585 3444 1691 3505 coeptae,
1705 3436 1808 3493 Teren·

150 3535 296 3598 utrumque
317 3525 433 3592 scribit,
448 3522 552 3593 liquido
578 3529 693 3582 constet.
720 3529 776 3576 tum
798 3519 841 3591 agi
857 3521 900 3575 hic
919 3519 954 3577 de
1006 3517 1060 3571 tius
1073 3517 1140 3584 dur,
1153 3519 1198 3588 qui
1227 3518 1341 3587 publicis
1366 3522 1439 3578 curis
1467 3524 1644 3595 valediscrat,
1657 3540 1684 3583 ut
1709 3532 1807 3589 animae

151 3617 339 3688 mmmm
354 3615 487 3671 [mmm
514 3615 541 3670 i„
570 3614 666 3669 vggpg
680 3613 789 3683 „030150
816 3612 849 3667 ad
866 3612 955 3668 panti.
1005 3617 1125 3670 uacaret,
1147 3607 1181 3664 ad
1204 3611 1310 3680 negotia
1330 3611 1429 3669 iterum
1458 3614 1549 3671 redire
1572 3622 1807 3682 conctus.Basilio

152 3727 217 3767 nutu
230 3709 424 3775 dedecentem
439 3717 503 3765 ante
516 3706 567 3762 boc
592 3714 700 3778 tempus
721 3707 788 3761 alias
812 3706 901 3760 nullas
920 3705 954 3760 ad
1005 3705 1087 3766 teste,
1102 3715 1164 3756 cum
1179 3703 1294 3758 summis
1315 3705 1494 3773 potestatibus
1512 3710 1704 3772 rempublicam
1720 3715 1808 3771 admi·

152 3821 216 3862 euua
244 3805 371 3876 scriptas.
388 3801 442 3858 Sed
466 3800 608 3857 audiamus
633 3799 779 3855 Duellium:
799 3799 898 3855 Rumor
920 3798 955 3852 od
1007 3791 1177 3849 nistrabatin
1190 3794 1285 3850 eadem
1309 3796 1386 3851 urbe.
1403 3796 1583 3866 Quaerendum
1598 3801 1807 3876 itaquetempus

152 3916 201 3956 m
215 3899 329 3971 peruenit
342 3896 441 3951 serani
453 3905 476 3952 te
488 3893 652 3961 Antiochite,
677 3903 701 3948 et
715 3908 773 3963 oute
786 3893 814 3947 itt
835 3891 955 3946 monibus
1006 3893 1060 3953 eal,
1077 3902 1131 3958 quo
1142 3886 1188 3943 ille
1198 3887 1256 3945 otio
1267 3903 1297 3944 sc
1308 3903 1340 3945 ac
1349 3890 1431 3960 quieti
1446 3888 1561 3959 dederit,
1577 3900 1633 3950 tum
1645 3912 1699 3967 qno
1712 3897 1745 3953 ad
1758 3914 1807 3955 ne·

151 4004 214 4050 “m
239 3993 342 4065 ”⁶9⁰⁶ss
355 4007 415 4046 cm
427 3990 534 4046 Μὴ
556 3988 722 4058 ,omn-g„
745 3987 925 4041 ,gmrmpm
945 4001 955 4041 ,·
1005 3977 1077 4051 gotia
1092 3980 1246 4036 accesserit.
1259 3980 1338 4036 Aliud
1353 3997 1419 4039 tero
1432 3998 1486 4039 nou
1501 3987 1719 4060 occumbentem
1735 3991 1807 4060 tpuod

154 4094 252 4154 mm
262 4083 329 4140 pm
350 4098 482 4138 mmmm
495 4081 651 4159 {pungentem
661 4081 817 4151 accepimus,
829 4087 956 4134 stanteso
1006 4072 1078 4129 iuter
1089 4089 1188 4129 annum
1200 4073 1253 4130 575
1263 4084 1290 4130 ει
1300 4073 1352 4130 575
1366 4076 1484 4133 medium
1495 4090 1547 4133 cst.
1561 4079 1640 4137 huno
1654 4084 1725 4138 eninr
1740 4086 1804 4153 575,

155 4175 271 4232 Paulino
284 4174 517 4249 [rutresttonttttilo
538 4182 622 4228 tecum
645 4173 770 4227 disserere
796 4171 828 4226 de
847 4173 956 4243 conjun-
1006 4167 1124 4238 negotiis
1147 4167 1223 4222 illum
1250 4168 1388 4225 vacavisse
1414 4179 1567 4228 cuttslaler
1584 4174 1676 4231 Basilii
1691 4178 1806 4249 epistola

155 4273 240 4326 ctiotu
262 4271 396 4326 nobiscum
421 4268 589 4334 ineundn,·id
600 4278 638 4322 est
656 4282 713 4322 cttttt
725 4265 768 4331 iis,
782 4265 826 4334 gui
843 4273 902 4319 runt
924 4279 957 4319 ee
1006 4261 1041 4317 ad
1067 4277 1128 4318 eum
1152 4277 1186 4318 ex
1201 4263 1330 4318 Armenia
1345 4263 1444 4333 scripitt
1464 4262 1511 4337 (0·
1529 4266 1607 4322 pum
1620 4277 1708 4325 ³⁰⁸0¹¹¹
1722 4271 1806 4328 me*

156 4374 229 4436 m,
243 4363 355 4419 pompa,
380 4361 429 4418 Det
450 4361 550 4416 ueletii
571 4342 773 4433 episcopium
787 4357 899 4413 etiamst
913 4356 957 4411 ttr-
1007 4354 1128 4410 montius
1148 4352 1273 4425 bucipso
1297 4365 1419 4424 tempore
1440 4357 1534 4413 ducem
1555 4360 1631 4415 illum
1648 4362 1674 4416 iu
1691 4363 1805 4421 iberiam

157 4458 227 4512 tern's
255 4457 333 4512 sudio
356 4470 425 4512 nunc
448 4468 662 4512 occmesraututt
689 4452 877 4520 circumferre,
899 4464 957 4521 eun
1009 4451 1120 4506 missum
1141 4450 1284 4507 duodecim
1298 4453 1449 4524 legionibus
1464 4458 1650 4528 prepositum,
1666 4472 1695 4516 ut
1705 4463 1807 4520 Sarno·

156 4550 333 4619 episcopatum
358 4548 429 4603 rtrltir
450 4546 615 4603 Antiocheno
634 4546 684 4617 ipsi
703 4547 857 4611 attribuunt,
874 4519 1119 4600 uate-Dumium
1141 4544 1167 4599 in
1191 4560 1303 4616 regnum
1328 4546 1493 4603 restitueret.
1520 4548 1559 4606 lie
1579 4551 1672 4623 itaque
1692 4554 1805 4614 inliciter

157 4641 224 4695 uurn
248 4655 307 4695 arro
324 4644 485 4712 frustrentur
507 4638 559 4711 (a).
588 4636 682 4695 Nullas
707 4639 798 4707 itaque
817 4648 882 4694 aute
905 4637 956 4693 hoc
1007 4634 1142 4702 conlecta,
1157 4649 1189 4690 ac
1203 4634 1317 4691 devictis
1331 4637 1353 4691 si
1366 4638 1410 4708 qui
1425 4637 1542 4706 lucrant,
1552 4640 1675 4699 hostibus
1693 4660 1754 4701 cutn
1768 4662 1803 4704 er

158 4745 267 4804 ternpus
289 4749 306 4789 a
327 4733 446 4790 Damaso
477 4733 582 4789 litteras
604 4732 753 4788 Pauliniani
783 4738 955 4802 acceperant,
1007 4728 1135 4783 Armenia
1149 4728 1332 4793 Antiochiam,
1359 4728 1404 4784 ttbi
1419 4728 1516 4786 Valens
1533 4730 1630 4808 sedem
1645 4734 1751 4804 linerat,
1764 4753 1807 4796 re-

157 4829 457 4900 quaeimnmlerrent,
474 4825 710 4898 adjudicetttmque
725 4824 838 4880 Paulino
851 4825 957 4895 episco-
1007 4834 1104 4875 versus
1125 4827 1208 4887 essct,
1229 4819 1263 4874 ad
1283 4820 1369 4876 otium
1391 4822 1517 4890 secessit,
1536 4833 1611 4881 ratus
1623 4840 1804 4904 secontcmp·

157 4930 249 4994 patum
276 4921 436 4993 probarent.
450 4917 505 4977 Cur
527 4918 718 4976 reroBasillus
745 4917 827 4982 dicat,
845 4917 958 4972 Paulino
1008 4921 1064 4969 tum
1088 4911 1178 4966 31)ιο
1205 4913 1379 4984 imperatore,
1400 4915 1511 4986 Ψιῑὸῑῧῖ
1537 4921 1618 4976 ’711ῑο
1645 4925 1746 4991 helem?
1772 4939 1808 4982 ¹¹0

157 5016 318 5073 attributam
330 5016 427 5073 lisdem
447 5015 545 5072 litteris
557 5015 755 5086 episcopatum,
783 5010 959 5081 intelligimus
1011 5021 1091 5062 uttam
1106 5004 1214 5076 quidem
1232 5005 1375 5062 wislam
1396 5022 1447 5079 1¹¹⁰
1467 4999 1607 5068 ‘Ulmum
1622 5027 1807 5086 0⁰¹¹⁰²⁸⁵⁰l³b
1853 5035 1860 5046 '

158 5124 192 5164 er
215 5109 346 5182 bisque
371 5107 468 5166 eodem
496 5117 619 5179 tempore
634 5104 817 5162 adllelctium
842 5102 958 5159 scribit:
1010 5101 1075 5172 quin
1104 5100 1194 5172 potius
1222 5099 1343 5157 libellum
1366 5102 1401 5159 ab
1426 5118 1460 5160 eo
1480 5105 1601 5163 oblatum
1628 5109 1807 5182 lncernrerut,

157 5198 302 5273 Postgatom
312 5201 462 5270 redicimus,
476 5217 508 5257 ea
531 5200 655 5255 inabrilrnt
668 5209 691 5255 at
712 5199 834 5254 ntolcuit‘r
848 5196 960 5270 plurimo
1011 5210 1091 5267 quem
1104 5194 1246 5252 Terentius
1257 5196 1284 5252 in
1294 5195 1378 5253 irusta
1392 5197 1557 5269 discerptum
1570 5215 1631 5257 cum
1642 5202 1811 5280 collegisset,

157 5293 311 5364 infirmitate
325 5292 445 5360 collecta,
464 5293 551 5348 stetim
571 5309 617 5346 nos
640 5291 672 5345 al
686 5291 790 5345 Oriente
804 5287 960 5362 (Antiochia
1012 5290 1106 5347 liabeo
1130 5291 1240 5361 inquit,
1263 5293 1335 5364 quud
1364 5295 1439 5363 petii.
1455 5294 1597 5364 Egregium
1620 5294 1673 5352 boc
1696 5298 1807 5375 lactum,

157 5386 371 5460 „empeptpmae
382 5395 547 5461 sumperunt,
562 5386 653 5458 quitur
667 5381 873 5460 significabatur,
888 5382 961 5437 Pau·
1012 5386 1084 5457 quod
1096 5384 1283 5443 Theoderctus
1302 5396 1396 5444 narrat
1408 5386 1459 5461 (g),
1469 5387 1566 5460 Pagius
1580 5390 1679 5451 merito
1693 5395 1810 5459 collocat

209 5570 223 5604 o
246 5550 299 5622 Ep.
313 5550 380 5618 ill,
395 5549 462 5608 alias
474 5547 538 5608 559.
1063 5545 1088 5619 e)
1102 5547 1172 5603 liar.
1187 5546 1233 5612 77,
1249 5560 1309 5617 cap.
1325 5543 1371 5601 ΞΟ.

208 5623 223 5679 lt
248 5620 450 5690 mutuatim
466 5621 529 5676 tta.
1064 5618 1086 5690 ll
1098 5618 1158 5674 vid.
1176 5619 1256 5690 epist.
1270 5618 1317 5679 ltu.
1329 5615 1400 5688 apud
1411 5615 1464 5673 BD.

208 5713 222 5748 c
247 5693 327 5749 Tum.
344 5694 388 5760 ΙΙΙ,
402 5709 462 5765 cap.
478 5693 523 5759 55,
541 5708 570 5747 n.
583 5691 610 5749 6.
1054 5692 1093 5763 ιφ)
1104 5690 1210 5761 liunt,
1224 5703 1285 5760 etp.
1301 5687 1347 5744 st.

254 5764 368 5824 Dissert.
382 5764 417 5821 ds
428 5775 516 5822 sanct.
531 5763 612 5820 siric.
628 5776 704 5836 oper.
722 5770 789 5821 tom.
805 5758 860 5838 lv..

376 5859 517 5922 Parnon.
540 5854 629 5920 xlll.
