3900 6134
123 279 213 339 ,ilbi
744 272 927 332 EPlSTOLAE
947 272 992 332 ET
1011 273 1184 334 bacuane
1607 293 1608 296 ’
1722 282 1793 339 steti

143 395 206 466 legii
234 394 320 450 instar
351 401 412 462 est,
429 393 452 450 si
481 391 535 448 ulla
564 390 783 463 transgressione
810 391 978 455 violemus
1024 391 1089 449 Cur.
1109 393 1167 450 vlt.
1189 423 1224 436 -
1246 397 1274 452 8.
1298 394 1457 453 clericorum
1478 399 1672 455 incontinentia.
1696 400 1798 456 tenia-

178 485 243 542 Csr.
259 486 358 545 ιι.-6.
375 485 558 541 Paenitentiam
576 482 654 555 tepea.
676 482 715 539 [le
736 481 778 539 bis
798 497 865 539 sero
887 496 942 538 non
993 500 1054 541 ntus
1068 500 1140 541 nnnc
1150 485 1184 541 ad
1195 487 1397 544 sacratissimos
1411 489 1524 547 ordines
1535 490 1713 557 clericorum,
1727 507 1797 562 qttoa

142 581 291 651 incongrue
306 581 417 638 dileetio
439 588 484 635 tua
507 576 684 649 apostolicam
706 575 799 633 sedem
822 574 941 634 credidit
993 577 1021 634 in
1033 577 1197 636 venerandae
1211 579 1350 651 religionis
1361 581 1487 652 iniuriam
1500 584 1536 639 ita
1553 599 1602 655 per
1615 593 1721 641 uestras
1732 599 1799 658 pro·

143 673 337 730 consulendam
353 673 416 746 (55,
428 689 455 743 q.
469 671 502 736 ι,
518 685 543 726 ι.
561 669 610 735 ιι;
623 669 665 725 ιιι
677 685 704 739 p.
722 668 767 734 tt,
783 683 808 724 c.
823 668 880 740 li),
895 669 942 740 qni
993 670 1097 727 vincias
1110 672 1230 727 calcatos
1244 669 1258 709 ‘¹
1274 685 1355 745 atque
1367 676 1518 744 contusos,
1534 677 1670 734 enaritate
1692 687 1736 733 tua
1755 677 1799 734 in·

142 775 201 823 acta
215 766 384 837 poenitentia,
397 774 533 834 tamquam
546 775 669 818 caussae
680 776 744 817 sues
755 764 789 815 ud
800 768 813 798 ⁸
824 759 943 818 vomitus
993 763 1129 832 sinuante,
1147 766 1318 836 reperimus,
1332 775 1363 822 ιι
1374 766 1502 825 ieremias
1523 768 1602 827 uobis
1614 784 1681 825 voce
1700 769 1796 826 dicen·

142 860 272 932 pristinos
285 869 313 915 et
325 858 469 915 volutabra
486 857 653 922 redeuntes,
675 864 703 911 et
725 854 828 910 militiae
850 856 944 928 cingn·
993 856 1058 911 dnm
1079 858 1115 911 sit
1137 874 1144 911 ε
1173 859 1238 925 Quis
1261 858 1332 914 dabit
1355 861 1435 929 capiti
1454 877 1511 916 meo
1525 878 1638 932 aquam,
1655 872 1700 916 ant
1715 862 1798 917 ocutis

142 951 218 1019 lum,
240 960 267 1007 et
289 948 408 1007 ludicras
425 948 603 1018 voluptates,
618 955 646 1002 et
660 962 728 1003 nona
751 946 899 1018 coningio,
916 956 944 1003 et
995 949 1057 1004 tneis
1071 949 1169 1018 sontem
1183 950 1384 1021 lacrymarum?
1406 961 1430 1007 et
1445 952 1512 1023 plebe
1525 953 1654 1025 populum
1673 943 1742 1007 adae
1756 953 1799 1008 die

142 1046 271 1102 inlribitns
286 1045 376 1102 denuo
390 1045 548 1116 appetivere
562 1041 733 1108 concubitus,
750 1055 866 1112 qnorum
879 1055 942 1111 pro
994 1057 1024 1097 ac
1037 1051 1110 1097 noete
1126 1041 1235 1113 (ierem.
1251 1058 1289 1107 ta,
1306 1043 1345 1116 ι).
1372 1045 1401 1101 st
1417 1060 1484 1118 ergo
1498 1047 1595 1104 beatus
1610 1047 1749 1118 Propheta
1762 1047 1797 1104 ad

141 1138 240 1197 lessam
265 1139 488 1195 incontinentiam
512 1136 636 1208 generati
660 1143 722 1205 post
743 1134 942 1191 absolutionem
995 1134 1110 1206 lugenda
1126 1135 1222 1207 populi
1246 1143 1356 1207 peecata
1372 1153 1426 1195 non
1441 1139 1492 1197 sibi
1507 1141 1545 1195 ait
1565 1140 1702 1212 lacrymas
1718 1157 1800 1213 posse

141 1233 187 1289 dlii
201 1233 389 1305 prodiderunt.
404 1231 442 1287 lle
454 1229 564 1302 quibus,
580 1229 644 1301 qaia
657 1228 713 1298 jam
726 1226 873 1298 suliuginm
889 1240 943 1282 non
994 1227 1144 1295 suillcere3
1169 1239 1273 1300 quanto
1293 1246 1345 1286 nos
1370 1246 1519 1302 possumus
1544 1232 1641 1290 dolore
1665 1235 1798 1303 parcelli,

141 1327 242 1384 babent
256 1323 418 1398 poetritendi,
427 1323 454 1379 id
469 1321 598 1378 duxiruus
610 1318 829 1385 decernendum,
845 1325 875 1374 ut
885 1318 943 1374 sola
996 1332 1174 1387 cumeorum,
1188 1320 1235 1391 ιιι
1246 1321 1273 1375 ιι
1286 1329 1381 1378 nostra
1392 1331 1456 1378 suut
1468 1338 1595 1396 corpore,
1608 1326 1799 1398 compellimur

141 1421 212 1477 intra
226 1421 369 1478 ecclesiam
390 1420 516 1478 ddelibns
528 1420 654 1476 oratione
674 1418 843 1490 jungantur,
859 1430 943 1473 sacre
995 1412 1115 1491 iaciuora
1131 1413 1294 1484 deplorare!
1307 1415 1445 1487 praecipue
1456 1416 1556 1488 quibus
1570 1418 1721 1475 secarrdum
1735 1420 1801 1475 bea·

141 1516 332 1587 mysteriorum
353 1514 527 1581 celebritati,
543 1514 667 1584 quamtis
688 1527 741 1568 non
763 1521 944 1579 mereantur,
996 1515 1052 1562 turn
1068 1507 1192 1574 Paulum,
1210 1508 1339 1564 instantia
1354 1509 1513 1581 quotidiam
1526 1521 1555 1567 et
1569 1511 1727 1568 sollicitudo
1740 1527 1799 1569 om·
1819 1570 1828 1584 κ

142 1607 281 1674 intersitum
298 1622 313 1662 a
328 1607 479 1662 llominicm
493 1614 586 1662 autem
598 1616 699 1661 mensae
715 1603 843 1660 convivio
853 1616 945 1673 segre-
998 1601 1073 1655 nium
1085 1600 1262 1657 ecclesiarum
1278 1601 1465 1660 indesinenter
1479 1604 1624 1660 incumbit.
1652 1607 1716 1673 Quis
1728 1605 1800 1661 erim

140 1709 255 1770 gentur3
271 1708 299 1754 ut
315 1699 366 1754 bae
380 1701 475 1756 saltem
489 1697 686 1754 bdistrictione
698 1697 836 1767 correpti,
852 1704 880 1751 et
894 1696 943 1766 ipsi
996 1693 1166 1764 infirmatur,
1182 1705 1206 1750 et
1228 1712 1280 1751 non
1295 1696 1438 1766 infirmor?
1464 1699 1527 1767 Quis
1541 1700 1756 1768 scandalizatur,
1772 1711 1797 1756 et

141 1795 168 1851 in
184 1811 214 1851 st·
233 1809 282 1851 sua
300 1804 390 1850 errata
414 1794 566 1865 castigem,
582 1803 609 1848 ct
633 1791 694 1846 aliis
717 1791 870 1861 cronopium
894 1789 943 1844 tri·
959 1776 1043 1859 Bega
1058 1805 1108 1842 non
1121 1803 1184 1844 arar
1196 1787 1232 1862 (ll
1243 1787 1305 1844 Cor.
1320 1805 1359 1856 st,
1374 1789 1445 1860 adp?
1461 1789 1597 1848 Plurimos
1616 1791 1690 1848 eninr
1712 1789 1797 1866 (Did.

141 1887 234 1952 buant,
248 1896 382 1957 quatenus
394 1886 428 1942 ab
440 1886 580 1943 obsooenia
593 1884 790 1956 cupiditatibus
803 1883 945 1939 retraban-
996 1883 1042 1951 ιιι,
1056 1899 1080 1936 c.
1095 1884 1123 1950 33
1140 1881 1187 1938 lua
1205 1901 1232 1955 p.
1253 1883 1280 1951 6,
1298 1899 1322 1939 c.
1338 1882 1395 1954 50)
1410 1886 1567 1942 sacerdotes
1591 1884 1692 1941 Cirristi
1718 1894 1800 1957 atque

141 1989 195 2037 tur.
206 1981 284 2050 Quos
298 1990 388 2038 brnen
400 2024 407 2047 ,
421 1983 548 2052 quostiam
560 1981 661 2037 carnali
677 1980 826 2050 fragilitate
839 1978 945 2036 cecide·
997 1975 1103 2041 lenitas,
1120 1984 1180 2045 post
1194 1976 1272 2046 longa
1285 1977 1501 2033 consecrationis
1516 1991 1573 2032 suut
1591 1987 1727 2048 tempora,
1743 1985 1798 2034 tarn

140 2085 224 2142 runt,
241 2075 340 2131 viatico
355 2090 489 2141 munere,
505 2090 566 2130 ctam
590 2074 624 2130 ad
641 2074 785 2130 bominum
808 2074 944 2144 coeperint
995 2073 1030 2129 de
1044 2073 1205 2144 conjugibus
1220 2075 1358 2144 propriis,
1376 2089 1456 2146 quant
1470 2076 1553 2131 etiam
1568 2074 1604 2132 de
1629 2076 1702 2146 turpi
1721 2076 1795 2130 coitu

142 2165 293 2236 proficisci,
310 2180 360 2236 per
369 2167 571 2223 communionis
582 2167 697 2237 gratiam
714 2165 840 2221 tutunus
851 2164 943 2222 suble·
997 2166 1121 2223 sobolem
1135 2166 1281 2223 didicimus
1299 2182 1480 2240 procreasse,
1496 2176 1523 2223 et
1537 2169 1640 2224 crimen
1653 2183 1733 2225 suum
1750 2168 1801 2223 lrac

141 2260 210 2314 rari.
223 2259 309 2327 Quam
327 2259 443 2315 iormmn
456 2269 485 2314 et
499 2260 572 2315 eirca
587 2260 738 2326 mulieres,
754 2276 814 2330 qum
829 2273 861 2315 se
883 2266 945 2329 post
998 2268 1010 2297 ι
1024 2260 1229 2330 praescriptione
1239 2260 1398 2329 deiendere,
1410 2262 1472 2330 utria
1484 2261 1511 2317 in
1523 2262 1609 2318 veteri
1623 2261 1800 2317 Testamenta

141 2351 330 2422 paenitentiam
349 2350 448 2406 talibus
463 2350 660 2420 pollutionibus
675 2351 860 2407 devinxerunt
886 2366 945 2409 ser·
995 2350 1184 2407 sacerdotibus
1199 2366 1232 2407 ac
1248 2351 1383 2408 ministris
1396 2351 1546 2423 generandi
1562 2351 1677 2408 incultas
1699 2352 1800 2424 legitur

141 2444 256 2500 eandam
272 2458 333 2500 esse
355 2457 497 2500 censemus
512 2443 665 2514 (Zacharias
686 2461 754 2517 papa
769 2446 843 2516 epist.
865 2446 901 2513 7,
917 2460 943 2502 c.
995 2444 1139 2500 attributa.
1734 2503 1738 2507 ,

142 2538 201 2610 to).
1015 2536 1057 2593 ,9.
1081 2535 1177 2593 l'eteris
1191 2535 1345 2594 Testamenti
1365 2539 1509 2595 auctoritas
1535 2541 1634 2611 frastra
1656 2537 1800 2610 pretendi·

178 2631 244 2689 Car.
259 2631 302 2687 Vl.
318 2661 355 2674 -
366 2633 393 2688 i.
411 2631 463 2700 Qui
477 2631 605 2704 plectendi
624 2631 746 2686 mornacii
758 2641 803 2687 aut
817 2631 944 2687 moniales
995 2639 1047 2687 tar.
1061 2632 1137 2688 Dicat
1150 2632 1216 2688 milri
1231 2648 1306 2690 nunc
1319 2675 1326 2700 ,
1341 2635 1465 2705 quisquis
1480 2635 1530 2691 ilie
1543 2646 1586 2691 est
1598 2642 1719 2692 sectator
1737 2633 1800 2690 libi·

142 2725 268 2780 castitatis
291 2724 455 2795 propositam
477 2731 642 2779 temerantes.
663 2734 674 2762 ι
690 2723 827 2780 Praeterea
849 2739 945 2779 mona·
995 2727 1110 2791 dinum,
1128 2736 1335 2798 praeceptorque
1353 2727 1486 2784 vitiorum
1502 2745 1510 2782 ι
1526 2727 1555 2785 Si
1578 2728 1717 2795 estimat,
1733 2727 1798 2798 quia

143 2817 257 2873 altorum
280 2815 411 2889 quosdam
427 2828 511 2888 atquc
523 2817 718 2874 monacharum
732 2859 740 2886 ,
754 2816 864 2888 abjecto
878 2833 943 2890 pro·
996 2817 1024 2874 in
1037 2818 1097 2890 lege
1110 2817 1195 2890 Moysi
1214 2819 1316 2890 passim
1332 2818 1418 2875 sacris
1432 2817 1575 2875 ordinibus
1588 2835 1603 2874 a
1623 2819 1743 2875 Domino
1757 2819 1798 2875 la·

144 2912 233 2983 posito
255 2909 431 2976 sanctitatis,
447 2911 475 2965 in
496 2917 598 2966 tantam
622 2911 786 2982 protestaris
800 2911 945 2968 demersos
995 2921 1058 2969 ιιιι
1072 2911 1223 2969 suntlrena
1239 2914 1365 2981 luxuriae,
1377 2927 1427 2969 eur
1440 2928 1510 2981 eos,
1530 2913 1630 2983 quibus
1644 2913 1802 2970 committe·

143 3022 206 3064 esse
222 3007 372 3073 lasciviam,
386 3016 415 3062 ut
429 3007 504 3077 prius
524 3006 668 3073 clanculo,
682 3006 758 3061 velut
777 3005 829 3061 sub
850 3020 945 3061 mona·
995 3005 1096 3062 bantur
1108 3014 1201 3061 saneta
1217 3015 1373 3062 sanatorum
1394 3016 1546 3078 praemonet
1564 3004 1680 3062 dicens:
1706 3005 1800 3061 Sancti

144 3101 289 3157 steriorum
301 3108 445 3172 praetextu.
461 3100 553 3157 illicita
563 3100 735 3171 acsacrilega
744 3116 774 3156 se
782 3102 944 3171 contagione
998 3110 1096 3167 estote,
1109 3101 1170 3172 quia
1185 3109 1210 3155 et
1222 3116 1271 3172 epa
1282 3110 1387 3158 sanctas
1400 3116 1457 3156 sum
1472 3099 1600 3155 dontinus
1619 3097 1692 3154 Deus
1716 3109 1801 3154 uester

144 3195 327 3252 miscuerint:
347 3204 443 3266 postea
463 3211 530 3251 vero
554 3196 580 3250 iu
604 3196 748 3266 abruptum
769 3195 947 3251 conscientias
999 3193 1103 3267 (decit.
1117 3210 1151 3249 ss
1166 3235 1173 3260 ‚
1189 3193 1227 3266 ι)
1240 3195 1252 3248 ι
1266 3209 1315 3250 ιιι
1329 3196 1411 3250 etiam
1426 3194 1521 3265 procul
1541 3209 1557 3249 a
1578 3191 1636 3249 suis
1652 3191 1798 3260 domibus,

143 3285 336 3359 desperatione
347 3287 483 3358 perducti,
493 3286 528 3343 de
540 3287 646 3343 illicitis
660 3287 850 3357 complexibus
861 3287 947 3344 libere
998 3302 1071 3342 anno
1084 3288 1154 3344 vicia
1169 3302 1238 3356 sum,
1254 3289 1281 3344 in
1296 3287 1401 3359 templo
1414 3287 1538 3344 babitare
1549 3288 1617 3358 iussi
1632 3297 1697 3344 surrt
1710 3302 1802 3344 sacer-

146 3379 218 3435 dtioa
232 3381 461 3451 procreaverint3
489 3380 563 3451 qttod
583 3390 610 3437 et
625 3381 740 3452 publicae
751 3382 825 3453 leges
838 3424 845 3449 ,
860 3389 888 3437 ct
900 3397 947 3438 ec·
999 3380 1099 3436 dotesl
1126 3381 1177 3436 bac
1192 3380 1320 3438 videlicet
1343 3379 1460 3446 ratione,
1475 3395 1511 3436 ne
1531 3380 1574 3435 vel
1589 3394 1651 3435 cum
1668 3378 1801 3435 uxoribus

146 3471 375 3542 clesiasticajma
400 3472 595 3531 condemnant.
623 3473 678 3528 llas
702 3487 769 3544 ergo
797 3472 949 3543 impudicas
999 3478 1112 3541 possent
1123 3471 1234 3528 carnale
1248 3487 1379 3529 exercere
1390 3471 1597 3540 commercium,
1612 3479 1642 3527 ιι
1655 3472 1800 3529 eonscien-

146 3562 378 3634 detestabilesque
393 3578 555 3633 personata
570 3565 801 3620 monasteriorum
818 3572 889 3619 ceetn
900 3578 947 3620 ee·
998 3563 1045 3619 ιιι
1059 3563 1214 3634 integritate
1229 3563 1376 3634 fulgentes,
1387 3562 1557 3634 acceptabile
1571 3563 1628 3620 Deo
1642 3579 1741 3619 munus
1759 3563 1802 3619 ol·

146 3659 350 3729 elesiarumoue
362 3659 544 3714 conuentibus
558 3658 739 3713 eliminandas
752 3673 814 3714 esse
833 3657 947 3713 manda·
999 3657 1111 3713 terrent.
1137 3654 1243 3724 Quibus
1259 3656 1369 3725 exptleto
1381 3655 1575 3713 deservitionis
1587 3670 1644 3712 sna
1658 3664 1800 3728 tempore,

148 3768 210 3809 mus
227 3762 384 3822 :quatenus
407 3759 520 3807 retrusae
534 3752 560 3805 in
576 3751 633 3806 stris
654 3750 819 3821 ergastulis,
844 3760 947 3807 tantum
1000 3748 1111 3804 artorius
1139 3761 1204 3802 usus
1226 3747 1312 3803 solius
1327 3747 1513 3804 successionis
1527 3760 1609 3802 causa
1624 3746 1714 3802 luerat
1728 3745 1801 3802 rela-

147 3844 253 3900 laainus
269 3846 399 3901 continua
414 3844 610 3899 lamentatione
625 3842 777 3908 dedentes,
793 3842 950 3913 purificato·
999 3851 1078 3896 xatus
1091 3857 1099 3905 ;
1113 3839 1181 3913 ,quia
1199 3854 1253 3896 non
1267 3856 1301 3896 er
1314 3840 1367 3896 alia
1380 3881 1388 3906 ,
1403 3842 1455 3897 nisi
1476 3856 1512 3896 en
1529 3841 1601 3896 tribu
1622 3841 1705 3907 beri,
1724 3839 1800 3913 quis·

147 3939 190 3994 rin
204 3938 310 4010 possint
329 3937 507 4009 poenitudinis
523 3937 584 4007 igne
597 3937 772 4006 decoquere,
797 3944 826 3990 ut
845 3936 886 3991 eis
905 3934 948 3991 nel
998 3949 1079 4005 quam
1109 3934 1143 3990 ad
1175 3933 1222 3991 liei
1245 3932 1428 3990 ministerium
1455 3933 1546 3991 luerat
1571 3941 1726 4006 praeceptus
1752 3933 1801 3990 ad·

149 4029 184 4084 ad
200 4040 316 4085 mortem
331 4030 441 4095 sallent,
456 4028 542 4084 solius
558 4027 754 4083 misericordia
768 4028 882 4094 intuitu,
897 4042 948 4099 per
1000 4027 1083 4082 mitti.

150 4118 351 4174 communionis
365 4120 481 4191 gratiam
504 4118 590 4190 possit
604 4118 773 4189 indulgentia
788 4117 946 4175 subvenire.
1037 4119 1081 4176 td.
1095 4117 1252 4176 Sacerdotes
1265 4128 1289 4174 ct
1302 4119 1406 4174 diaconi
1418 4117 1550 4175 insolubili
1563 4120 1730 4177 continenda
1747 4121 1804 4192 lcpe

188 4264 201 4292 n
216 4256 298 4312 Solus
310 4255 425 4325 Quem,
438 4256 473 4310 ad
488 4256 611 4312 uomitum
622 4262 646 4308 et
660 4252 805 4307 salamim.
820 4252 888 4306 Tum
901 4254 953 4308 boc
1007 4253 1143 4310 Praeterea
1160 4263 1188 4308 et
1201 4269 1233 4310 es
1248 4253 1341 4310 Leone
1354 4255 1435 4324 epist.
1447 4254 1475 4321 ι,
1487 4255 1521 4310 ιιι
1533 4254 1685 4320 Rusticum,
1701 4255 1803 4327 inquis,

151 4327 222 4390 loeo,
236 4337 292 4382 tum
302 4328 405 4383 nicam
420 4328 527 4383 concilii
542 4340 647 4380 carrona
661 4323 694 4378 ιι
708 4324 825 4392 probare
835 4332 951 4378 conatur
1007 4323 1063 4390 td,
1079 4324 1109 4378 ιι
1125 4364 1133 4389 ,
1150 4323 1183 4377 ιι
1197 4332 1225 4377 ιι
1240 4325 1273 4378 ts
1285 4364 1293 4389 ,
1307 4323 1436 4394 colligere
1449 4334 1500 4390 est,
1515 4327 1701 4394 poenitentiam
1715 4329 1804 4383 semel

151 4400 321 4454 clarissimus
343 4399 384 4454 vir
398 4398 496 4454 Claud.
514 4397 613 4468 Fleury
627 4395 660 4450 ad
683 4409 784 4449 aunum
800 4392 872 4460 ιιι,
888 4409 949 4465 pag.
964 4394 1137 4470 ¹1)proiessis
1155 4393 1264 4448 easdem
1288 4395 1346 4449 sire
1360 4394 1387 4447 ιι
1403 4396 1554 4462 paenitentia
1571 4397 1628 4451 sive
1647 4407 1705 4464 post
1718 4398 1804 4521 fassi·

151 4470 225 4535 355,
246 4470 491 4534 ruititiantaliace,
507 4467 835 4535 ouaenicreccnsentur,
851 4465 952 4533 inipso
1004 4466 1110 4520 tentiam
1135 4463 1209 4534 leges
1228 4465 1299 4519 circu
1324 4462 1460 4531 militiam,
1481 4465 1620 4538 conjugia,
1639 4477 1694 4523 etc.
1729 4468 1802 4525 uisse

152 4549 256 4596 turtum
271 4539 585 4609 prenitentioecurrieulo
598 4535 747 4608 prohiberi.
762 4535 797 4590 Et
807 4535 880 4591 illius
891 4537 951 4606 nui·
1003 4535 1188 4607 prescriptae.

152 4613 213 4667 dem
228 4611 350 4681 opinioni
366 4613 438 4666 latet
452 4626 504 4665 non
526 4608 607 4665 modo
627 4606 752 4664 Nicaenus
763 4621 850 4661 canon
866 4607 900 4660 ιι
914 4605 952 4663 ιι-
1041 4605 1055 4645 ¹>
1071 4605 1212 4660 llotustior
1224 4606 1311 4662 codes
1322 4603 1418 4672 Coria,
1435 4607 1609 4663 distinctione.

153 4691 226 4738 tutus
237 4723 245 4749 ,
257 4682 305 4738 sed
320 4693 348 4738 et
358 4681 527 4738 'l'uruuensis
542 4696 552 4734 ι
566 4678 677 4735 concilii
689 4692 775 4734 canon
790 4677 824 4742 8,
837 4678 871 4732 ad
885 4694 950 4733 nor·
1044 4675 1197 4744 c(lapitnlo
1213 4676 1276 4732 ltuie
1287 4679 1314 4732 in
1332 4677 1442 4733 laudato
1457 4679 1552 4734 codice
1565 4679 1642 4737 colb.
1655 4679 1744 4748 5568,
1759 4682 1804 4737 ιιι

152 4770 225 4810 tuum
250 4753 345 4810 bortum
371 4754 460 4810 siricii
482 4751 627 4806 uerborum
653 4750 831 4819 compositus.
855 4748 950 4804 Eidem
1005 4758 1034 4804 et
1047 4746 1119 4803 Pitb.
1133 4747 1264 4814 cortcinit,
1281 4743 1339 4804 liae
1351 4754 1520 4819 praeponitur
1530 4765 1636 4806 summa
1650 4769 1657 4806 ε
1672 4750 1703 4807 Si
1714 4768 1806 4808 morra·

152 4825 336 4896 suffragantur
346 4835 374 4881 ιι
390 4823 513 4880 Venetici
528 4837 614 4878 canon
629 4823 645 4874 ι
660 4830 690 4876 ιι
704 4819 908 4874 Aurelianensis
922 4835 952 4888 r,
1006 4817 1046 4873 elsi
1060 4821 1101 4874 aet
1114 4818 1248 4874 monaedes
1261 4822 1406 4892 nupserint.
1422 4820 1501 4876 Alius
1513 4820 1592 4878 Colb.
1614 4838 1669 4892 pra
1684 4837 1715 4878 se
1726 4821 1781 4880 lert
1797 4841 1804 4878 :

153 4910 240 4951 canon
253 4899 297 4960 ll,
308 4911 414 4952 necnon
425 4892 569 4966 Dionysius
583 4891 705 4962 Exiguus
718 4901 745 4946 et
755 4889 876 4945 isidorus
885 4889 953 4945 bler-
1007 4889 1047 4944 tte
1060 4890 1137 4957 lapsa
1149 4891 1335 4945 aronaeltaram
1351 4892 1390 4946 ael
1399 4893 1592 4948 ntunacltarum.

153 4979 230 5023 cntor
246 4967 273 5022 in
290 4981 396 5023 summa
409 5008 417 5027 ,
433 4981 486 5032 uua
499 4963 647 5034 capitulam
660 4962 713 5017 ιιι
726 4961 875 5031 explicant.
887 4961 955 5017 Siri-
1043 4957 1098 5016 ltu
1113 4960 1220 5016 duobus
1233 4977 1312 5028 mss,
1327 4960 1407 5019 colb.
1423 4963 1535 5018 calcatos
1545 4979 1657 5018 canones
1665 4980 1676 5031 ,·
1689 4979 1751 5036 ιιι
1762 4965 1804 5023 le·

153 5040 226 5094 cium
239 5047 329 5095 tamen
345 5038 425 5094 aliter
439 5034 584 5098 instellcait‘,
617 5034 644 5091 ui
658 5032 709 5090 boc
724 5033 794 5089 idem
806 5032 954 5101 capitulum
1006 5031 1063 5113 ctio
1082 5039 1111 5086 nt
1123 5031 1324 5101 admitteretur,
1338 5033 1439 5104 priusa
1451 5035 1559 5106 quibas,
1574 5051 1629 5090 non
1640 5051 1725 5105 qaas,
1740 5035 1806 5093 anb-

154 5112 181 5166 in
195 5121 303 5166 retttsto
316 5111 409 5165 codice
421 5106 578 5165 Colbertino
624 5103 878 5162 eustasianorum
893 5103 956 5159 red-
1006 5101 1174 5159 statuendum
1189 5101 1296 5159 luisset.

155 5182 243 5237 diditz
261 5183 313 5248 Qui
329 5196 394 5236 nosr
408 5194 496 5236 seraa
512 5191 704 5233 roenrrsnrtsss
725 5185 859 5247 tanrqaam
878 5190 955 5229 canes
1046 5183 1057 5210 ι
1079 5174 1257 5242 dntiuuiores
1272 5189 1359 5241 mss,
1393 5176 1572 5246 ersmiptione.
1593 5176 1669 5244 Quos
1682 5175 1726 5233 bie
1738 5175 1810 5234 Siri-

155 5254 190 5307 ad
206 5269 283 5308 suam
296 5255 419 5307 comitam
438 5251 556 5304 redeant.
572 5249 606 5303 Et
619 5248 646 5303 id
659 5247 767 5316 quidem
784 5256 883 5301 sonant
897 5246 955 5316 ipsa
1008 5245 1068 5300 eins
1089 5245 1197 5316 arguit,
1222 5255 1317 5302 notare
1333 5247 1360 5301 ri
1382 5257 1444 5302 etur
1466 5258 1494 5301 et
1514 5246 1754 5304 Ambrosiuslib.t
1772 5247 1808 5305 de

157 5324 247 5381 Siricii
264 5324 357 5378 verba.
373 5323 412 5377 llli
426 5324 498 5376 enim
512 5334 604 5376 serato
613 5326 655 5375 ιιι
666 5329 694 5373 et
706 5319 740 5374 de
754 5319 831 5382 risis,
843 5318 888 5385 uui
898 5325 957 5370 acta
1008 5315 1089 5372 dido.
1105 5330 1130 5372 c.
1143 5316 1188 5384 dd,
1211 5334 1239 5371 n.
1252 5316 1318 5382 958,
1335 5316 1381 5372 ιιι
1393 5317 1431 5371 ιιι
1448 5335 1454 5370 :
1484 5317 1559 5382 Quod
1576 5335 1606 5373 eo
1617 5334 1668 5372 non
1683 5320 1807 5390 praeterii,

157 5395 306 5463 penitentia
320 5392 405 5449 iurtcti
420 5433 429 5459 ,
445 5407 500 5445 nnn
520 5391 566 5460 (ptri
585 5396 697 5459 agentes
716 5388 903 5456 poenitentiam
917 5387 958 5441 di·
1008 5389 1072 5457 qaia
1091 5388 1119 5441 in
1139 5387 1269 5456 plerisque
1292 5387 1462 5442 abditioribus
1476 5386 1540 5442 locis
1554 5404 1612 5442 cam
1634 5391 1808 5446 asinisteristtss

158 5474 280 5532 cuntur,
295 5479 411 5530 auorum
428 5460 654 5517 itteontinentiam
669 5461 766 5526 probat
781 5457 890 5513 exiliis
903 5473 957 5513 non
1010 5458 1074 5520 thou
1090 5468 1133 5513 est
1143 5455 1329 5529 diaconatum)
1343 5468 1471 5529 permeat,
1485 5460 1524 5514 rel
1537 5463 1613 5514 etiam
1623 5461 1807 5528 sacerdotissae,

159 5536 186 5591 in
202 5536 260 5601 ipso
274 5535 440 5604 paenitentiae
449 5546 542 5595 eursu,
552 5531 600 5586 sed
612 5539 669 5600 post
679 5527 959 5650 absolutioremffene·
1009 5529 1079 5600 filios
1092 5539 1257 5598 susceperant
1273 5544 1282 5582 .·
1296 5537 1321 5583 et
1332 5529 1359 5582 id
1369 5537 1497 5600 tamquam
1510 5533 1642 5586 asaocteri
1653 5532 1807 5602 sistendam,

160 5606 228 5662 ratis
241 5607 342 5673 ouiuue
351 5608 411 5675 jam
424 5620 476 5658 uon
489 5600 584 5657 babeat
597 5598 741 5669 suffugiant
756 5597 864 5670 penites
886 5601 894 5651 i
902 5612 912 5664 ,·
926 5613 959 5655 ac
1009 5600 1114 5669 artando
1129 5614 1175 5670 per
1189 5598 1327 5653 intas-atta
1340 5599 1441 5654 dimum
1458 5601 1615 5670 sacrificinm
1633 5603 1807 5677 deserebaturt

160 5679 197 5737 ιιι
211 5677 390 5742 mulieribus,
404 5691 466 5744 spatas
485 5689 514 5728 se
527 5682 584 5742 past
607 5670 777 5741 peonitentiam
792 5709 802 5733 ,
816 5685 868 5723 ιιιιι
888 5671 959 5745 latter
1010 5671 1150 5738 Quosque
1165 5668 1401 5727 ratiunnennlutat
1415 5669 1529 5728 videsis.

163 5748 372 5818 purnttrmlum,
397 5744 531 5800 sttrtttttuu
551 5741 750 5812 pollutionibus
772 5741 956 5794 devinxerint.
