3900 6134
126 217 179 276 tbi

804 209 1071 273 rnutbuuttttrtt.

1720 224 1775 288 20⁶

123 332 188 403 quin
204 328 264 387 ltsec
276 328 334 396 lex,
348 342 409 400 aas
421 328 550 387 lilariano
565 329 662 386 siricae
683 331 783 387 vicaria
803 334 927 388 inscribi·
941 325 967 387 A
979 326 1172 396 commodata,
1202 327 1308 385 lacillus
1340 328 1514 389 concedenda
1541 347 1757 406 permoveretur.

123 433 179 488 tur,
213 423 294 479 aliam
321 433 453 479 memoret
491 423 525 478 ad
557 421 712 491 Niturtium,
743 440 802 493 natae
827 423 925 480 dudum

125 527 257 591 practerea
284 518 347 571 duta
378 517 519 572 scribitur.
542 519 577 571 at
602 533 643 586 ea,
673 532 735 589 quac
768 518 800 572 ad
835 517 926 573 lliten·

128 612 196 666 tium
218 611 277 665 data
302 610 401 683 lucrat,
430 613 452 665 si
478 610 546 666 berre
572 611 738 674 advertatur,
771 613 825 682 agit
850 611 928 666 dum-

130 709 204 760 taxat
222 703 254 758 de
268 702 360 757 inuitis
378 717 410 755 ac
430 702 566 765 domibus,
593 704 620 757 in
644 704 742 770 natibus
755 703 868 757 doeretici
882 717 929 758 ve-

130 798 194 854 titos
216 803 369 853 conventus
392 809 514 866 agerent,
531 795 713 864 publicandis;
737 796 772 852 de
795 794 928 866 pellendis

131 902 195 946 vero
216 888 364 943 donatistis
398 889 431 942 ab
461 887 601 957 Ecclesiis,
626 904 693 959 qrtas
717 897 927 959 occupaverant,

130 981 195 1036 nibil
226 980 307 1035 babet
336 979 458 1034 otnnino.
480 979 547 1046 Quia
573 996 640 1035 vero
660 981 780 1036 solemne
808 990 876 1045 erat,
900 989 930 1036 ut

127 1073 259 1136 heretici,
273 1073 320 1144 qni
340 1073 376 1129 ab
391 1072 520 1128 Ecclesiis
540 1074 679 1143 sacrisque
701 1074 768 1128 lncis
783 1074 931 1143 ejicieban-

126 1174 187 1231 tnr,
209 1165 338 1236 prolanss
351 1178 471 1236 synaxes
495 1175 606 1236 agerent
630 1167 676 1221 nbl
699 1178 818 1235 possent,
842 1177 871 1222 ut
897 1183 930 1223 ex

126 1257 256 1327 pluribus
279 1255 459 1311 'l'ltsodusianl
481 1254 590 1312 Codicis
614 1257 716 1328 legibus
742 1258 793 1329 (n),
816 1257 931 1328 aliisque

129 1351 309 1419 scriptoribus
323 1358 442 1416 uon-tat,
461 1349 608 1406 Gratianus
630 1360 658 1407 nt
677 1351 831 1407 Darnalistas
845 1353 929 1419 ipsos,

131 1457 188 1498 non
203 1456 280 1522 secus
300 1456 332 1496 ac
349 1442 417 1496 alios
435 1441 579 1498 hereticos
601 1456 635 1498 eo
650 1443 794 1498 commodo
814 1453 930 1512 arceret,

132 1535 201 1606 ejus,
222 1549 301 1606 attam
322 1535 391 1591 sliss
410 1535 444 1590 ad
466 1535 612 1592 Nitentium
629 1539 840 1607 proscripserat,
863 1537 931 1609 lepis

128 1629 257 1696 ssentplo
272 1642 336 1682 trans
348 1636 405 1693 est,
422 1618 588 1699 magicasque
607 1629 703 1684 dotatus
718 1639 745 1685 et
770 1629 876 1694 luridus,
904 1630 930 1684 ln

1014 419 1080 488 Quae
1095 435 1160 475 vero
1180 435 1230 490 pro
1243 436 1337 476 corum
1360 431 1513 491 lempurdm
1531 429 1637 485 ratione
1660 428 1777 490 Romani
1799 403 1807 411 ’

979 513 1060 584 hujus
1080 515 1187 569 concilii
1210 514 1333 570 Patresa
1355 516 1485 573 Gratiano
1511 531 1617 590 petunt,
1640 525 1694 580 dno
1715 536 1779 585 sttnt

981 607 1153 675 potissimum
1171 624 1178 655 .-
1196 606 1221 660 l⁹
1234 616 1261 662 ut
1275 609 1428 679 quicumque
1440 608 1560 680 Damasi,
1581 618 1687 687 cjtrsqne
1699 633 1778 690 spuo-

980 697 1008 749 di
1023 697 1135 768 judicio,
1154 700 1232 768 sumit
1251 701 1456 765 cortdenuuuus,
1482 714 1558 774 utque
1576 706 1672 780 injuste
1692 709 1781 766 vulue-

980 792 1014 844 rit
1027 790 1169 845 Ecclesium
1190 793 1308 858 retinere,
1325 794 1364 848 aei
1380 804 1486 849 uocatus
1507 798 1662 856 sucmdotnli
1676 803 1780 875 jndicio

981 899 1032 936 nou
1051 883 1149 949 adesse,
1173 898 1188 938 a
1206 886 1339 954 praelectis
1356 891 1485 958 pretorio
1504 889 1601 959 ltalia,
1618 895 1662 949 vel
1677 895 1780 953 vicario

981 973 1095 1029 Romam
1117 986 1277 1031 evocaretur
1293 977 1337 1032 :in
1362 979 1515 1050 liturgiarptis
1528 997 1595 1038 vero
1610 986 1731 1053 partibus
1746 988 1780 1045 ad

982 1067 1184 1136 metropolitani
1196 1082 1308 1122 examen
1321 1082 1370 1139 per
1383 1069 1503 1126 lucinum
1516 1072 1623 1143 judices
1633 1074 1781 1135 deducere-

983 1167 1043 1225 tnr;
1061 1160 1108 1215 sed
1122 1162 1144 1214 si
1167 1161 1392 1230 metropolitanus
1408 1164 1476 1234 ipse,
1498 1173 1545 1221 ant
1557 1166 1701 1224 damnatus
1714 1170 1779 1242 jam,

983 1261 1030 1306 ant
1054 1262 1201 1306 contumax
1224 1262 1312 1310 esset.
1337 1254 1452 1310 Romam
1478 1259 1656 1324 contendere,
1680 1264 1780 1318 autad

982 1358 1041 1410 eos,
1055 1359 1124 1415 qtvos
1138 1344 1279 1401 llcrrnanns
1294 1349 1439 1418 episcopus
1450 1349 1555 1420 judices
1572 1355 1660 1421 daret,
1687 1361 1784 1412 ancto-

984 1437 1064 1492 ritate
1076 1437 1342 1507 publicajuberetnr.
1360 1441 1386 1495 ld
1402 1443 1474 1497 enim
1488 1443 1511 1498 si
1524 1443 1612 1513 deret,
1627 1450 1784 1506 necessario

984 1533 1212 1601 consequebatur,
1226 1543 1255 1587 ut
1268 1535 1314 1604 pari
1329 1535 1438 1606 depositi
1458 1545 1550 1601 essent,
1567 1540 1601 1593 ab
1620 1540 1679 1609 ejus
1694 1543 1784 1598 eicitu-

986 1628 1018 1680 tis
1039 1627 1134 1694 finibus
1165 1640 1372 1701 seprepnrentur,
1399 1633 1427 1686 iu
1442 1649 1493 1702 apuu
1514 1647 1646 1707 pessercut
1665 1639 1786 1695 sncmdo·

129 1722 228 1792 quibus
242 1721 391 1791 sacrilegos
412 1721 474 1776 lllos
496 1723 530 1776 sb
552 1721 682 1778 Ecclesiis
697 1723 792 1778 eodem
812 1731 933 1793 tempore
948 1716 972 1779 B
986 1721 1060 1783 tium,
1077 1738 1109 1776 ne
1124 1739 1214 1777 rursus
1227 1741 1352 1796 usurpare
1365 1739 1487 1797 possent,
1504 1732 1575 1800 nuud
1584 1734 1645 1804 jure
1656 1733 1785 1793 sublatum

131 1813 226 1885 pulsos
240 1813 362 1883 grassari
373 1814 480 1868 occuito
494 1813 584 1869 lurore
602 1814 783 1884 contingeret,
801 1814 933 1883 publicari

130 1907 221 1980 jessit.
247 1906 302 1962 Sed
319 1906 376 1977 jam
400 1906 565 1963 revertimur
588 1907 621 1962 ad
646 1907 725 1977 hirjats
748 1908 855 1963 cuticilii
879 1907 935 1980 epi·

134 2005 245 2060 situlam.

176 2098 222 2152 llis
246 2099 327 2169 igitur
356 2096 485 2152 Ecclesiae
511 2111 543 2152 ac
572 2094 712 2166 religionis
739 2095 934 2161 incommodis,

137 2203 252 2261 qnorum
278 2191 303 2244 in
332 2188 491 2246 Ursinianus
514 2189 621 2259 culpam
650 2197 777 2251 vertunt,
806 2187 936 2244 Gratiano

139 2283 322 2348 denuntiatis,
336 2298 398 2338 enm
419 2292 550 2353 praeterea
570 2283 726 2338 monentia
751 2283 809 2337 ltmc
828 2282 935 2338 verba:

139 2374 187 2431 Sic
198 2376 309 2444 dariique
323 2375 402 2446 [actio
418 2374 557 2447 proferiti!
561 2377 635 2440 crini,
648 2385 674 2428 at
688 2373 865 2429 lutaciorum
876 2379 937 2430 scii·

138 2480 257 2535 ornato,
280 2471 364 2524 suncti
395 2471 483 2539 fratris
508 2470 589 2523 nostri
608 2469 717 2524 Damasi
740 2478 867 2540 peterctur
891 2484 937 2523 cu·

101 2625 108 2633 ,
139 2572 197 2631 pat,
213 2563 321 2632 nupsit
352 2562 527 2616 innocentium
542 2563 703 2633 scinderetur,
728 2570 940 2629 ccvvtpuaercntur

139 2653 207 2718 doli,
218 2653 311 2724 quidus
325 2654 411 2709 diuino
423 2654 501 2726 piune
521 2655 657 2719 instinctu,
676 2653 835 2722 prouidentia
850 2662 941 2708 vestroe

141 2745 247 2815 metatis
265 2747 386 2814 occurrit,
405 2747 561 2815 spoliaretur
584 2764 664 2817 prope
682 2746 802 2802 Ecclesia
822 2746 940 2802 omnibus

140 2838 303 2905 ministeriis,
325 2854 355 2892 en
369 2839 462 2903 fraude
480 2838 608 2903 videlicet,
624 2848 650 2891 ut
666 2839 728 2894 dum
742 2855 845 2893 causum
867 2838 938 2904 dicit,

141 2932 186 3002 qni
193 2931 278 3003 jedes
292 2932 319 2985 iu
332 2947 418 2986 omnes
434 2931 518 2999 [nant
532 2933 695 2996 constitutus,
719 2948 792 2986 nertio
808 2941 884 2992 essct,
897 2931 941 3000 qui

142 3022 270 3104 delapsis
288 3023 327 3077 oei
339 3034 407 3077 certe
419 3023 452 3076 de
462 3024 579 3093 {artioris
592 3035 675 3095 posset
690 3024 852 3095 episcopatus
865 3024 940 3078 inon-

985 1814 1082 1870 tuerat.
1100 1815 1221 1870 lllterum
1238 1818 1310 1888 qnod
1326 1829 1430 1887 petunt,
1453 1822 1519 1878 lllttd
1535 1833 1586 1889 est,
1602 1840 1636 1882 ue
1656 1826 1799 1887 Damasus'

986 1909 1102 1979 publicis
1116 1909 1227 1978 iudiciis
1238 1911 1376 1980 strbjectns
1389 1923 1472 1982 esset,
1487 1915 1535 1972 sed
1548 1918 1570 1972 si
1587 1935 1647 1988 que
1661 1937 1786 1994 emerge-

896 2038 900 2042 ·
986 2010 1162 2066 tentcausae,
1187 2003 1213 2057 in
1237 2004 1343 2075 synodo
1360 2005 1563 2077 episcoporum,
1587 2012 1630 2066 cui
1655 2026 1715 2068 sese
1728 2014 1788 2086 lpse

987 2103 1085 2164 sponte
1096 2095 1251 2164 subjiceret,
1266 2097 1398 2167 deinceps
1412 2113 1648 2171 proponerentur:
1664 2107 1786 2179 iniquum

987 2187 1060 2240 euim
1087 2187 1241 2255 videbatur,
1265 2188 1416 2246 Romanum
1437 2192 1607 2263 episcopum,
1629 2199 1674 2269 qni
1699 2216 1787 2259 purnes

990 2279 1161 2350 proeropntinu
1173 2280 1325 2348 apostolice
1339 2282 1407 2336 sedis
1420 2283 1533 2352 excellit,
1551 2300 1585 2341 eo
1600 2288 1662 2357 jure
1676 2293 1788 2360 privari,

989 2388 1043 2442 qvto
1053 2373 1145 2428 ceteri
1164 2375 1283 2445 episcopi
1300 2375 1454 2446 gaudebant
1471 2376 1521 2450 (b).
1540 2378 1660 2436 Printum
1682 2384 1703 2437 si
1720 2382 1789 2440 Gra·

991 2463 1081 2518 tiauus
1092 2466 1262 2536 preciperet,
1278 2465 1398 2523 lnturttm
1417 2477 1517 2543 enatat
1530 2470 1676 2541 plurimum
1692 2485 1788 2532 aucto·

990 2555 1090 2618 ritatis,
1106 2562 1134 2609 ct
1148 2555 1300 2626 splendoris
1315 2558 1403 2614 eidem
1424 2558 1547 2615 Romano
1570 2563 1690 2632 pontiflci
1711 2580 1791 2625 acce·

992 2646 1082 2713 deret,
1103 2662 1134 2703 ac
1148 2647 1316 2714 Parmensis,
1338 2659 1366 2706 et
1386 2650 1526 2708 Puteolani
1547 2656 1678 2724 episcopi,
1696 2656 1792 2732 bisque

992 2740 1131 2806 similium,
1149 2741 1193 2809 qui
1207 2741 1305 2811 deponi
1316 2741 1446 2813 deinceps
1459 2757 1594 2814 poterant,
1610 2740 1737 2808 'audaciae
1759 2759 1793 2811 ac

992 2834 1137 2886 temeritati
1155 2833 1325 2889 obviabatur.
1342 2834 1466 2890 Alterum
1481 2853 1546 2894 vero
1568 2842 1590 2896 si
1613 2844 1790 2914 concederet,

993 2925 1093 2980 laturis
1117 2924 1327 2981 Ursinianorum
1347 2942 1379 2982 ac
1394 2927 1569 2986 factiosorum
1584 2932 1724 2991 bominum
1748 2952 1793 2994 ca·

994 3017 1105 3072 lumniis
1120 3028 1201 3089 atque
1216 3018 1321 3074 insidiis
1337 3021 1497 3078 obstruebat
1517 3024 1626 3080 ostium.
1643 3024 1697 3083 Nec
1724 3042 1792 3086 vero

143 3113 244 3167 sorilrns
250 3114 382 3187 judicare.
396 3113 464 3169 lliuc
479 3115 600 3168 nonnulli
615 3117 763 3183 scriptores
780 3124 882 3185 putant,
900 3099 977 3169 at-C
995 3128 1055 3168 essc
1067 3113 1153 3177 aiunt,
1174 3128 1223 3168 cur
1239 3112 1384 3169 Gratianus
1405 3115 1539 3184 suspicati
1552 3120 1647 3189 possit,
1671 3120 1722 3176 ltoc
1738 3124 1792 3194 petl

141 3220 197 3275 que
209 3205 266 3260 bac
280 3207 316 3260 ila
330 3207 496 3276 intelligunt,
512 3216 542 3260 nt
557 3208 640 3261 velint
653 3207 812 3273 baritasum,
830 3218 885 3262 tum
896 3222 941 3263 ac·
993 3219 1044 3276 pro
1057 3204 1172 3258 liatuaso
1195 3204 1258 3259 duln
1270 3206 1363 3276 aliquo
1378 3207 1459 3273 malo,
1482 3216 1562 3277 atque
1575 3225 1638 3264 eum
1653 3212 1680 3265 ln
1700 3214 1793 3286 linem,

145 3308 270 3354 casatam
285 3306 411 3355 recenter
430 3300 464 3353 ab
479 3299 580 3366 lsaaco,
606 3310 660 3354 tmn
676 3301 709 3354 ab
735 3301 942 3370 imperatoribus
994 3306 1025 3351 ut
1038 3297 1113 3351 illurn
1139 3297 1310 3352 secularium
1338 3297 1503 3367 judiciorum
1529 3301 1667 3356 severitati
1688 3305 1795 3360 subtra-

145 3392 227 3461 pauio
242 3400 320 3446 antea
336 3393 499 3448 absolutum.
520 3393 651 3459 Querttnt
671 3393 751 3447 etiam
767 3407 821 3463 qrro
835 3393 869 3449 de
889 3394 942 3448 cri·
995 3389 1072 3444 hant.
1093 3389 1159 3443 llam
1174 3404 1234 3444 cum
1255 3390 1282 3444 id
1299 3400 1422 3459 peterent
1440 3398 1591 3459 postratum
1613 3410 1662 3464 pru
1677 3398 1724 3454 illo
1737 3416 1794 3456 sen·

145 3488 218 3543 mine
232 3487 419 3542 secretissimus
442 3488 484 3542 bic
500 3487 622 3542 Pontilett
635 3487 785 3556 postulatus
806 3496 869 3541 tunc
885 3486 943 3542 lne-

143 3583 191 3647 rit,
207 3595 239 3635 ae
253 3581 398 3636 levissimis
410 3580 576 3650 conjecturis
588 3581 715 3648 pcrmoti,
728 3581 803 3633 illum
819 3580 852 3634 de
867 3579 943 3635 adnl-

144 3674 215 3730 terin
228 3672 298 3728 laiso
317 3684 472 3729 accusatum
487 3674 571 3728 sinuit.
588 3673 646 3743 Ego
660 3688 724 3728 vero
748 3674 873 3727 existimo
889 3688 943 3728 non

143 3769 187 3839 agi
204 3767 256 3821 hoc
271 3767 332 3822 luco
344 3767 379 3823 de
393 3769 496 3821 recenti
511 3768 599 3835 aliqua
615 3774 709 3820 contra
726 3765 870 3820 Damasum
883 3782 944 3821 ιιιι-

144 3877 194 3917 sus
212 3861 363 3931 ercopitata
388 3859 581 3931 propositaque
607 3859 790 3925 accusatione,
810 3859 858 3914 scd
873 3861 944 3913 anti·

145 3970 214 4026 quas
236 3954 309 4019 illas,
326 3968 394 4024 qttas
416 3955 498 4009 etiam
519 3952 634 4016 llvtlinns
658 3953 769 4016 itttiicat,
794 3953 943 4007 calumnias

145 4047 297 4112 dumtaxat,
312 4055 392 4114 atque
405 4045 516 4099 insidias
531 4044 686 4106 memorari,
703 4058 736 4097 en
754 4043 858 4097 scilicet
871 4057 944 4099 con-

146 4139 219 4205 silio,
234 4147 262 4193 nt
273 4137 421 4194 Gratianus
440 4137 474 4192 lis
489 4137 640 4207 pcrpcnsis,
656 4152 716 4207 quiae
733 4136 874 4191 llrsiuiana
891 4134 946 4191 lac-

146 4233 187 4286 tio
199 4233 226 4286 in
246 4230 340 4301 primis
355 4231 407 4286 illis
430 4229 613 4286 contentionis
627 4230 739 4283 aestibus
763 4245 827 4283 ansa
843 4229 943 4296 luerat,

997 3482 1112 3543 tentiam,
1136 3495 1167 3535 ac
1192 3492 1333 3551 postquam
1357 3483 1415 3551 cius
1438 3484 1588 3540 itrnucerttiu
1610 3497 1634 3543 et
1658 3492 1792 3562 inteprittts

1001 3571 1178 3628 Valentiniani
1192 3577 1273 3642 patris
1285 3574 1388 3642 indicio
1401 3580 1568 3648 cumpvointc
1577 3581 1643 3649 jam,
1663 3592 1686 3638 et
1696 3586 1793 3653 proedi·

997 3677 1056 3720 culn
1068 3666 1166 3729 literat,
1179 3677 1259 3737 atque
1269 3668 1330 3722 iden
1345 3685 1398 3724 nnn
1411 3671 1507 3725 lateret
1521 3671 1679 3728 Gratianum
1694 3679 1793 3745 ipsum,

998 3775 1058 3829 quae
1072 3774 1087 3813 a
1102 3769 1252 3829 perspectae
1266 3760 1417 3814 sanctitatis
1431 3763 1490 3816 viro
1511 3767 1648 3834 expectari
1666 3767 1795 3840 deinceps

998 3861 1120 3924 possent,
1132 3853 1218 3906 vidcri
1233 3851 1279 3907 ille
1292 3868 1345 3906 rrcrn
1361 3863 1467 3922 poterat
1479 3857 1512 3910 ad
1534 3859 1689 3915 sacerdotes
1706 3862 1797 3931 periu-

998 3962 1072 4016 gere,
1095 3953 1124 4000 ut
1154 3946 1259 4015 publica
1278 3944 1379 4015 judicia
1403 3946 1562 4016 declinaret,
1587 3950 1633 4005 scd
1655 3958 1684 4007 ut
1705 3953 1796 4012 collati

999 4039 1135 4111 episcopis
1154 4039 1278 4094 erunibus
1292 4039 1417 4095 bcncltcii
1432 4041 1489 4109 ipse
1509 4043 1590 4097 etiam
1606 4046 1741 4118 particeps
1753 4053 1796 4105 es}

1000 4143 1042 4190 set
1057 4150 1064 4191 :
1080 4148 1111 4188 ac
1124 4141 1267 4202 praeterea,
1284 4141 1313 4186 ut
1326 4141 1468 4188 caveretur
1478 4133 1619 4205 deinceps,
1632 4141 1733 4209 tteqttis
1748 4142 1798 4199 tte-

999 4242 1058 4282 rum
1073 4225 1254 4280 caluvnniator
1272 4224 1402 4290 existens,
1417 4225 1480 4279 dunt
1495 4228 1578 4282 airam
1595 4230 1743 4287 innocentia
1755 4248 1798 4289 sd-

147 4323 263 4389 vlderet,
280 4337 359 4391 «poam
377 4321 530 4376 necessario
544 4321 579 4376 alr
590 4322 621 4374 iis
634 4320 686 4374 sibi
701 4322 782 4374 etiam
796 4319 946 4374 cavendum
1002 4320 1034 4373 tis
1046 4319 1174 4372 munitum
1189 4335 1236 4371 sun
1248 4316 1346 4371 irustra
1359 4318 1466 4387 impetit
1480 4318 1549 4389 apud
1566 4323 1711 4379 srccttlares
1723 4325 1798 4392 judl-

146 4426 222 4471 esset
237 4417 431 4485 iutposterum3
449 4428 511 4470 uam
533 4415 555 4469 si
579 4412 716 4470 llrsiuiani
734 4424 829 4469 contra
848 4415 947 4469 liarma·
1001 4411 1135 4477 cesillnd,
1149 4410 1271 4465 obtineat
1285 4408 1436 4475 dumtaxat,
1458 4415 1486 4463 ut
1504 4415 1656 4476 tormentis,
1674 4422 1701 4469 et
1716 4432 1798 4472 vexa-

151 4526 212 4567 sttm
224 4511 332 4566 fraudes
344 4519 564 4578 composuerant,
578 4517 608 4564 nt
622 4509 669 4563 illo
681 4509 753 4563 iuter
767 4523 829 4563 rens
843 4509 947 4574 delato,
962 4489 989 4550 D
1003 4509 1122 4565 tionibus
1147 4519 1286 4561 sacrorum
1308 4505 1502 4572 ministrorum,
1526 4507 1650 4578 reilgioni
1672 4511 1799 4577 injuriam

152 4618 232 4659 nemu
244 4613 327 4670 essct,
340 4601 388 4673 qui
402 4603 435 4657 dc
447 4602 567 4657 lactiosis
588 4604 760 4671 episcopatus
776 4602 949 4657 invasoribus
1003 4601 1114 4665 inierat,
1128 4607 1157 4651 ut
1174 4597 1240 4651 alias
1255 4596 1352 4650 iactum
1368 4595 1466 4662 inerat,
1479 4597 1595 4654 Damaso
1611 4603 1669 4673 ipso
1684 4614 1799 4664 caetern-

147 4694 272 4765 jodicare
294 4705 395 4762 posset,
420 4693 573 4748 necessario
589 4694 710 4762 enutritur
731 4694 773 4763 agi
795 4692 839 4749 ltic
860 4692 896 4748 de
919 4708 949 4748 rc
1004 4693 1070 4764 quin
1091 4691 1127 4746 ob
1154 4689 1337 4760 integritatem
1365 4704 1440 4743 snam
1470 4689 1586 4747 innocuo
1609 4703 1637 4748 et
1660 4695 1798 4757 incolumi.

149 4801 233 4858 prave
247 4783 388 4850 meditata,
412 4795 556 4854 antequam
574 4786 677 4854 factiosi
692 4788 853 4856 episcopatus
874 4787 949 4842 iaud-
1004 4786 1139 4840 Caeterum
1155 4798 1188 4837 ue
1205 4783 1335 4852 reliquum
1349 4782 1410 4836 ltttic
1423 4784 1570 4853 suspicioni
1585 4786 1675 4844 locttm
1689 4791 1800 4862 iaciant,

149 4897 232 4941 som,
254 4879 369 4936 llrsinns
393 4879 507 4944 scilicet,
534 4879 647 4950 eiusqrve
667 4879 733 4935 socii
755 4881 952 4938 damnarentur

149 4973 265 5030 collecta
279 4971 399 5044 syrtndo;
420 4971 493 5043 qttod
507 4987 579 5026 annu
594 4972 647 5028 369
668 4987 700 5026 ac
720 4973 848 5042 deinceps
869 4975 951 5029 ctiam

151 5065 251 5121 lactura
262 5066 397 5132 dittiums;
410 5077 491 5136 atque
502 5065 563 5119 ideo
570 5065 714 5120 coniicitur
727 5065 784 5120 ltcec
797 5067 887 5121 omnia
900 5067 952 5121 ite·

152 5174 213 5218 rum
228 5160 360 5217 Gratiano
372 5175 434 5214 euru
449 5160 570 5214 induem
585 5159 692 5224 relerri,
709 5173 744 5214 ne
764 5175 793 5213 sc
807 5159 888 5214 abiis
902 5159 951 5215 de·

152 5252 205 5322 cipi
218 5260 369 5323 pateretur,
382 5265 414 5305 sc
428 5259 458 5305 ut
472 5249 507 5306 ad
526 5265 557 5306 ea
570 5265 631 5320 qvas
647 5250 853 5318 postulabantur
869 5252 895 5304 in
911 5249 953 5306 itis

153 5343 264 5410 litteris,
285 5342 367 5400 veluti
383 5342 481 5399 laturis
505 5357 601 5398 eoram
625 5342 695 5397 dolis
709 5341 883 5398 destruendis
907 5357 953 5398 ac-

203 5545 229 5616 ι)
244 5546 305 5602 tid.
319 5547 367 5604 lib.
382 5560 422 5607 ιιι.
436 5560 463 5602 ιι
475 5556 503 5602 et
515 5561 542 5610 r,
557 5545 591 5601 de
608 5543 681 5598 llacr.

205 5622 232 5687 b)
257 5619 313 5676 lluc
339 5618 435 5675 eudem
464 5617 646 5674 Valentiniani
673 5614 797 5670 Senioris
819 5616 955 5685 rescripto

156 5691 316 5749 Ambrosius
331 5689 429 5745 iterum
445 5705 511 5746 usas
529 5699 570 5745 cst
595 5687 717 5744 scribens
740 5685 773 5742 ad
791 5684 980 5744 llaleutinin-x

1003 4893 1035 4933 sc
1046 4887 1075 4930 ut
1088 4875 1215 4946 probent,
1235 4875 1391 4938 Damasum,
1408 4890 1489 4946 quem
1510 4877 1598 4934 virum
1619 4898 1742 4942 sanctum
1754 4903 1804 4958 ap·

1005 4969 1118 5040 pellant,
1134 4967 1234 5035 atinnid
1249 4968 1340 5037 pullus
1352 4966 1387 5022 de
1401 4981 1451 5022 suo
1464 4969 1524 5037 jure
1539 4973 1648 5039 cedere,
1661 4991 1740 5046 cpuuttt
1751 4978 1803 5033 sibl

1007 5074 1133 5129 arrogare
1154 5058 1235 5120 vclle,
1252 5057 1410 5113 Gratianum
1423 5072 1561 5129 postremo
1577 5076 1683 5135 ragam,
1700 5079 1726 5121 nt
1743 5069 1803 5138 ejus

1006 5168 1112 5218 causas,
1128 5153 1150 5207 si
1166 5152 1283 5207 noluerit
1293 5155 1327 5206 ab
1342 5155 1531 5225 episcoporum
1542 5159 1646 5227 syuodo
1661 5163 1802 5231 cognosci,

1007 5246 1066 5316 ipse
1087 5246 1119 5300 ad
1145 5261 1175 5300 se
1194 5243 1293 5310 trabat,
1317 5244 1399 5300 etad
1423 5260 1500 5299 sunm
1530 5245 1732 5314 consistorium,
1760 5254 1805 5310 epp

1007 5342 1143 5413 spondent
1157 5355 1230 5404 ettm,
1246 5339 1371 5397 silvestri
1393 5338 1529 5408 exemplo,
1550 5337 1717 5401 adiuturum.
1737 5346 1806 5406 lllttll

1009 5561 1073 5600 num
1100 5544 1184 5598 lllinm
1210 5542 1236 5596 ln
1265 5556 1345 5597 causa
1377 5539 1411 5597 de
1438 5559 1492 5599 uun
1520 5543 1662 5607 tradendis
1688 5550 1809 5617 basilicis

1009 5616 1135 5742 ἓὲῑῃιίιθξέ
1147 5632 1154 5679 ;
1168 5629 1248 5684 nncm
1264 5614 1351 5670 locum
1366 5613 1438 5681 vide,
1459 5631 1491 5673 ac
1512 5632 1573 5675 cum
1594 5620 1656 5693 ltoc,
1673 5627 1696 5681 si
1711 5630 1808 5698 placct,
