3900 6134
140 181 211 244 teto

675 176 840 239 tuomum
858 176 1017 236 ertscort
1035 175 1249 237 cattnttsttt

1758 171 1834 233 ibid

138 300 205 359 licet
226 307 312 357 totum
326 298 441 355 militem
456 306 530 354 tuum
546 296 573 353 in
589 308 641 353 noa
663 294 834 354 decrevisses
844 295 938 369 jacere
951 304 979 370 Α
991 310 1045 353 non
1057 294 1155 363 valuit,
1183 305 1212 353 et
1234 296 1372 369 nrtqoajte
1385 296 1452 355 satis
1466 303 1589 369 agente,
1618 291 1692 361 sed,
1708 300 1741 347 et
1754 289 1805 346 ubi
1820 288 1829 341 i

138 395 216 468 regni
228 394 266 450 tui
283 393 346 458 tela,
358 392 386 448 in
404 408 454 449 nos
467 400 658 449 exsecratores
670 391 853 463 blasphemie
876 400 940 460 tue,

139 497 172 546 ut
184 488 212 543 in
226 487 352 558 sacrilegi
366 493 382 526 ⁸
397 487 433 542 tui
448 485 551 543 decreti
561 494 777 557 contemptores,
788 486 880 542 omnia
893 500 942 541 soa

993 387 1101 446 radices
1138 387 1223 462 ligere
1258 397 1435 456 tentaverat,
1471 388 1572 454 aruit,
1617 382 1835 442 recedentibus

993 483 1100 539 scilicet
1112 483 1241 539 omtribue
1256 481 1304 538 Dei
1318 480 1429 539 famulis
1443 496 1459 537 a
1476 492 1516 549 te,
1532 490 1630 555 atque
1643 475 1757 549 paucis
1770 473 1838 541 rub,

140 580 305 639 colliderent
323 595 410 648 arma,
434 594 484 636 nec
506 581 528 636 si
544 577 559 617 b
574 588 662 635 turrien
684 579 755 652 quod
770 593 941 650 possemusa
992 591 1063 649 quos
1078 575 1171 651 lolium
1184 590 1246 633 esse
1269 589 1354 646 snper
1374 574 1544 631 trumentum
1572 573 1756 631 seminatos
1780 567 1838 622 iio-

141 672 284 746 proposito
296 672 445 729 recedere?
460 672 514 729 Sed
528 682 556 727 ιιι
577 687 627 744 pro
642 682 689 727 tua
700 673 745 728 illu
759 674 901 743 prudentia
915 674 941 730 in

142 768 217 824 omni
232 783 281 838 pro
295 776 321 823 te
335 767 494 824 moriundos
508 767 580 824 bello
605 765 706 823 milites
720 776 782 822 tuos
800 768 942 835 censuisti,

140 858 312 916 Christianos
323 874 388 916 vero
413 859 528 915 sanxisti
554 859 603 915 Dei
630 860 785 929 oportuisse
809 859 944 916 exsistere

143 963 298 1026 negatores.
316 952 350 1009 Et
362 953 501 1024 ntiquetui
515 954 637 1008 sentiunt
651 952 773 1007 dolorem
789 953 942 1020 tulrterum,

142 1047 240 1105 dolent
252 1062 282 1103 se
298 1046 421 1118 periisse,
436 1045 529 1102 durlent
549 1044 619 1100 benc
636 1044 761 1100 amittere
775 1044 878 1113 iueem;
894 1060 944 1101 nus

143 1141 943 1212 veroprimosentirepoennrnmerncietusttonpossumus,

146 1235 278 1308 inquibus
288 1233 566 1308 Christuspntitur,iu
574 1231 943 1305 quibusCitristusaetermm

145 1327 262 1384 sulutem
287 1332 437 1394 operatur:
454 1324 571 1390 deinde,
586 1324 649 1396 quie
671 1325 815 1395 presentia
832 1338 881 1394 pro
904 1325 945 1381 ni·

142 1419 199 1475 bito
212 1420 355 1486 ducemus,
369 1425 396 1473 et
411 1419 512 1474 trintina
530 1418 556 1473 in
572 1417 619 1473 iilo
643 1418 756 1490 perenni
783 1433 893 1488 semper
904 1418 945 1472 ln·

994 669 1086 726 minus
1101 669 1270 742 predixerit,
1288 678 1377 725 tecum
1407 668 1613 725 manentibus:
1632 678 1708 737 qttae
1738 659 1840 718 omnia

995 762 1041 818 tibi
1055 762 1180 833 prestitit
1202 771 1284 833 etque
1305 769 1348 817 est
1373 771 1506 833 prestans
1520 757 1641 815 artifex
1671 753 1840 813 trauersae

994 857 1101 927 mortis,
1116 857 1163 929 qtri
1178 873 1225 928 per
1237 867 1263 912 te
1274 857 1405 929 plurimos
1419 856 1561 912 blanditiis
1576 852 1724 926 obliquis
1748 848 1841 905 ittictt

995 964 1026 1006 ac
1036 950 1149 1020 decipit,
1163 950 1220 1021 qui,
1232 965 1294 1005 cum
1311 950 1345 1005 sit
1358 964 1423 1005 reus
1435 948 1518 1005 totius
1532 945 1682 1012 sceleris,
1704 938 1840 1016 suggerit

995 1043 1070 1101 cordi
1086 1043 1128 1099 illi
1144 1054 1190 1100 tuo
1202 1045 1390 1112 amarissimo,
1408 1052 1437 1100 ut
1449 1058 1499 1100 nos
1513 1053 1674 1114 tamquam
1696 1052 1772 1095 reos
1787 1036 1840 1092 ali·

995 1139 1071 1210 cirins
1082 1138 1205 1194 criminis
1229 1140 1337 1210 punias.
1352 1137 1406 1196 Sed
1431 1137 1559 1209 prospice
1575 1135 1722 1201 tandem,
1754 1130 1837 1203 aperi

994 1231 1088 1290 cordis
1102 1232 1208 1299 oculos,
1222 1233 1248 1289 in
1262 1232 1364 1304 quibus
1377 1231 1426 1289 tibi
1449 1231 1518 1287 nibil
1532 1228 1663 1289 luminis
1690 1234 1755 1294 est,
1783 1223 1835 1281 sed

996 1324 1086 1380 omnis
1106 1324 1198 1395 caiigo
1212 1334 1238 1380 et
1261 1326 1385 1397 ingentes
1409 1324 1529 1381 tenebrae
1543 1332 1727 1390 versantur,
1745 1327 1779 1377 et
1793 1319 1838 1375 iu·

995 1417 1091 1473 terties
1114 1416 1188 1488 quod
1205 1431 1279 1473 mors
1307 1425 1352 1473 tua
1376 1417 1466 1489 lragili
1482 1416 1561 1472 illata
1587 1425 1748 1488 potestate
1762 1412 1834 1471 inte·

145 1513 198 1567 turi
212 1526 317 1580 sumus,
342 1512 387 1583 qui
401 1522 412 1550 0
427 1510 488 1567 deri
514 1521 614 1582 potest,
630 1518 659 1565 ut
686 1527 739 1566 non
767 1526 816 1582 pro
835 1509 945 1567 Christo
996 1509 1114 1582 griorem
1129 1517 1238 1580 reparet
1251 1509 1346 1577 vitem,
1362 1510 1436 1581 qirod
1452 1509 1510 1567 inec
1524 1509 1618 1582 nragis
1648 1524 1707 1565 nos
1732 1506 1829 1564 dedu·

146 1608 193 1665 Dei
208 1606 277 1663 Filio
287 1607 348 1663 sitm
363 1616 473 1663 eterne
486 1607 619 1662 tributore
634 1607 779 1677 sacrilegio
802 1605 946 1662 irtnestatis
997 1602 1087 1659 estad
1103 1602 1217 1674 gloriam
1229 1617 1278 1675 per
1301 1603 1387 1674 ignes,
1403 1618 1452 1675 per
1469 1602 1596 1674 gladios,
1616 1617 1675 1673 per
1703 1610 1827 1658 catenas

146 1699 273 1754 manibus
293 1698 346 1754 tuis
361 1698 506 1753 maluimus
520 1694 533 1733 ι
548 1696 686 1753 interimi?
712 1698 758 1768 qui
785 1697 867 1754 aliter
894 1711 944 1752 nos
960 1705 984 1767 Β
998 1710 1029 1750 ae
1044 1694 1128 1760 terris,
1145 1710 1194 1766 per
1208 1694 1337 1767 quicquid
1352 1694 1473 1766 denique
1488 1693 1581 1751 subies
1597 1705 1648 1748 tua
1665 1694 1796 1766 piissimi
1811 1691 1824 1731 k

147 1791 203 1847 [leo
217 1790 291 1846 Patri
307 1790 414 1861 placere
428 1805 483 1846 non
495 1804 574 1861 posse
587 1804 741 1855 cernamus,
757 1789 807 1845 nisi
819 1789 947 1844 coniventi
998 1794 1171 1867 imperatoris
1190 1793 1218 1848 in
1242 1801 1361 1848 nostram
1383 1793 1524 1848 censuerit
1543 1791 1680 1862 ingerere
1706 1805 1822 1847 necem.

148 1893 198 1940 ate
206 1882 240 1938 ad
252 1882 406 1955 negandum
414 1884 524 1938 tunicum
536 1881 759 1953 DeiFiliumejus
768 1897 817 1954 per
825 1890 944 1938 mortem
997 1883 1116 1941 Tutantc
1132 1885 1187 1940 ileo
1204 1899 1258 1940 non
1275 1882 1357 1940 modo
1371 1899 1425 1940 ιιοιι
1447 1882 1669 1955 exstinguimur,
1685 1882 1744 1940 sed
1761 1898 1822 1937 ura·

146 1975 688 2049 etinmlpsomverumesseillumFilium
698 1975 948 2034 Dcicmtiessilue·
996 1978 1131 2050 gisatque
1146 1979 1233 2049 magis
1256 1976 1444 2042 strittmmur,
1459 1977 1505 2049 qui
1530 1975 1758 2035 meminerimus
1782 1977 1821 2033 nil

147 2074 253 2132 rimus?
266 2074 442 2131 Detestabilis
457 2089 536 2130 mens
545 2084 588 2129 tua
601 2074 712 2145 indigne
727 2072 857 2145 [cruquio
873 2071 947 2127 dica·
998 2085 1060 2128 esse
1074 2084 1219 2142 supernos
1234 2080 1332 2142 preter
1345 2070 1452 2138 Deum;
1478 2069 1554 2127 unde
1577 2070 1731 2128 erubescit
1759 2074 1821 2128 aoi-

148 2162 946 2234 mustristumDciFiliumDeiesscverbum,lleisapien·
999 2181 1060 2221 ntus
1074 2165 1283 2238 dcrotnsntque
1305 2167 1479 2236 mancipatus
1502 2167 1560 2224 Deo
1584 2167 1637 2222 tibi
1658 2184 1713 2238 per
1743 2179 1819 2225 tuam

150 2262 227 2326 tiam,
239 2250 432 2325 beirirtutem,
442 2258 527 2314 Deum
538 2269 550 2298 0
562 2276 648 2314 cerem
659 2256 754 2312 dedico
768 2273 840 2324 uero,
856 2267 948 2311 nutum
998 2269 1108 2316 mortuo
1121 2260 1328 2331 blasphemiam,
1340 2261 1402 2318 carri
1412 2261 1522 2317 latranti
1535 2270 1635 2317 contra
1650 2261 1817 2327 ceritatem,

149 2355 182 2409 dc
194 2352 285 2422 Putre,
300 2352 328 2407 id
339 2363 377 2407 est
385 2352 417 2406 de
429 2351 574 2406 sudatootic
587 2351 686 2415 Putria,
699 2349 785 2405 intereo
797 2349 830 2405 de
841 2349 947 2416 iorrriue,
999 2356 1137 2413 vermibus
1144 2356 1203 2412 Arii
1217 2358 1332 2413 sentent}
1345 2358 1535 2414 precamen,
1544 2357 1703 2415 servorum
1711 2356 1816 2415 chrispi

147 2457 239 2504 cotom
251 2462 302 2502 aron
317 2449 426 2518 sortirer,
441 2446 519 2499 unios
542 2443 691 2499 substantioe
717 2443 794 2498 iilum
809 2456 871 2498 esse
890 2459 949 2497 cunr
999 2449 1099 2505 aninum
1109 2449 1278 2520 quotiesuim
1297 2448 1447 2520 diligenter
1461 2464 1557 2506 rerem
1571 2450 1747 2507 examinant
1761 2462 1817 2507 tor·

154 2542 254 2610 Putre,
284 2541 354 2614 qood
387 2539 472 2598 Greci
503 2539 592 2595 dicunt
621 2538 772 2612 ὁμοούσιον.
806 2554 852 2608 per
875 2554 950 2609 edem
1000 2544 1815 2617 mentorum,consi‹lerantnullummajusessetormentum

148 2636 308 2692 criniosum
329 2637 411 2706 [octo.
433 2634 489 2688 sine
511 2649 562 2705 quo
588 2648 729 2703 ounmrtmn
755 2633 832 2702 suerit
857 2631 948 2687 Pater.
1000 2651 1120 2708 quanta
1149 2646 1175 2692 te
1198 2635 1348 2693 aduersarii
1381 2639 1469 2694 nostri
1494 2654 1575 2696 servo
1598 2655 1717 2698 serrum
1742 2642 1814 2700 rinei

151 2726 265 2799 Indigno
280 2725 348 2793 iera,
373 2725 432 2783 Arii
455 2725 568 2794 vermis,
584 2740 633 2781 cur
661 2724 851 2791 defendamus,
876 2723 950 2797 qrtod
1000 2726 1111 2785 Christi.
1127 2728 1314 2785 Recordemur
1326 2729 1471 2787 Dominum
1491 2729 1596 2787 dixisse
1615 2732 1669 2789 :si
1688 2735 1753 2806 gub
1762 2736 1816 2791 neit

149 2818 274 2887 claritas,
288 2825 421 2890 potestas,
439 2817 610 2889 magnitudo,
632 2817 785 2882 eternitas,
809 2815 948 2884 diuinitas,
1002 2830 1059 2891 post
1072 2838 1112 2876 me
1121 2822 1215 2887 nescire,
1232 2821 1377 2895 abnegetis
1389 2823 1451 2891 ridi,
1465 2834 1489 2878 et
1503 2825 1579 2880 tollat
1588 2825 1712 2897 [cruceni
1725 2846 1814 2897 sumu,

149 2927 212 2983 que
227 2909 238 2948 l
255 2914 355 2966 unasit
382 2909 470 2966 Patris
485 2917 513 2967 et
538 2909 612 2968 utrici
636 2909 696 2981 eius
708 2909 782 2965 Filii.
806 2909 864 2966 Non
888 2924 951 2966 csse
1001 2923 1026 2968 et
1039 2924 1161 2986 sequntur
1171 2931 1220 2969 me.
1237 2916 1289 2984 Qui
1303 2917 1373 2971 euim
1391 2918 1501 2973 eolunit
1527 2920 1644 2975 animum
1667 2939 1751 2978 ιιιαιιι
1762 2926 1817 2980 sst-

151 3019 252 3060 norum
266 3004 340 3075 quod
352 3019 403 3060 nos
417 3005 498 3074 legnti
510 3005 737 3060 asseverabamus
749 3004 776 3060 in
793 3014 865 3060 ttuo
876 3005 951 3076 pola·
1002 3024 1059 3063 aorn
1072 3010 1169 3079 inemo,
1183 3008 1272 3081 perdet
1288 3010 1374 3066 illam.
1388 3011 1440 3079 Qui
1455 3010 1464 3049 ¹
1479 3021 1566 3068 cutem
1588 3014 1744 3085 perdiderit
1756 3019 1815 3074 nai·

152 3097 440 3166 tio,etsrrmnmlnnon
450 3102 579 3154 desumus
588 3098 745 3169 sempersie
755 3097 841 3155 sitisse
850 3107 947 3155 ctesse
962 3092 984 3159 i}
1000 3119 1068 3158 mom
1082 3118 1156 3157 enom
1165 3112 1271 3172 propter
1284 3119 1335 3172 me,
1351 3105 1462 3161 inueniet
1476 3121 1544 3160 eom.
1563 3106 1637 3174 Quid
1660 3109 1736 3164 eninr
1750 3127 1814 3182 prs·

150 3192 282 3250 creditum
299 3208 314 3248 a
332 3191 507 3259 Christianis,
525 3191 606 3248 sicuti
628 3192 698 3265 opud
713 3191 831 3248 Nicaeam
854 3203 950 3250 contra

150 3285 279 3342 baeresim
300 3296 374 3343 tuarn
388 3286 516 3341 Ariatmm
533 3282 584 3342 eth
597 3301 694 3341 orrtnes
715 3300 826 3341 errores
842 3286 950 3343 videtur

150 3393 214 3437 esse
233 3394 311 3436 sacra
335 3380 403 3436 fides
418 3381 585 3451 conscripta,
606 3380 629 3435 si
651 3378 760 3436 tandem
784 3381 881 3437 oeulos
895 3397 952 3437 scr-

152 3476 244 3546 pentis
259 3475 398 3531 morsibus
412 3475 556 3533 coniossos
578 3476 669 3532 cordis
681 3476 719 3532 tui
741 3477 859 3548 aperias,
874 3477 951 3534 inre·

151 3566 222 3634 uies,
238 3568 311 3639 quod
327 3568 398 3624 lrarrc
410 3568 501 3635 treber,
513 3568 583 3624 itone
595 3566 717 3624 defendit
730 3570 845 3625 ecclesia
856 3569 949 3638 fidem,

151 3672 233 3730 quam
245 3657 297 3714 sibi
310 3659 438 3716 traditam
461 3661 603 3732 cognoscit
623 3677 671 3732 per
686 3662 780 3718 beatos
801 3662 951 3732 apostolos.

149 3747 251 3808 Omnes
266 3762 406 3809 momento
427 3768 574 3826 peragrare
592 3755 615 3810 si
643 3769 737 3826 posses
751 3764 860 3828 gentes,
874 3757 951 3813 irrue·

150 3845 251 3913 nisses,
266 3846 440 3904 stolidissime
469 3849 628 3921 imperator.
656 3848 756 3920 ubique
781 3847 952 3905 Christianos

1004 3194 1179 3263 declinemini,
1192 3199 1216 3252 si
1229 3207 1310 3252 totum
1325 3207 1345 3236 ¹¹¹
1356 3199 1482 3255 mundum
1496 3200 1625 3267 lucretur,
1639 3206 1743 3262 enimc
1754 3221 1815 3264 sere

1003 3305 1057 3345 rute
1069 3289 1250 3346 detrimentum
1262 3291 1376 3363 potiatur
1387 3294 1400 3347 i
1412 3303 1456 3348 out
1468 3310 1547 3364 ouem
1562 3292 1636 3350 dudit
1650 3295 1732 3353 dome
1741 3315 1813 3355 conr·

1003 3382 1171 3437 mutationem
1184 3382 1279 3437 nidmu
1302 3399 1357 3439 suu
1380 3383 1488 3457 (ιιιιιιιι.
1505 3400 1561 3453 xm,
1582 3386 1656 3459 2l)i
1684 3390 1813 3465 Martyrii

1003 3474 1074 3543 cogit
1089 3473 1205 3545 dignitas
1231 3482 1261 3529 ut
1280 3474 1362 3530 uitam
1383 3474 1530 3532 Christiani
1556 3486 1648 3536 morte
1660 3489 1675 3517 ¹¹
1687 3493 1813 3539 contem·

1004 3581 1116 3632 nanms,
1145 3565 1280 3637 siquidem
1296 3583 1395 3622 norum
1419 3568 1515 3625 salutis
1528 3585 1614 3641 genus
1641 3587 1689 3644 per
1701 3572 1813 3632 berre

1003 3659 1070 3715 lium
1089 3657 1171 3714 luerit
1196 3657 1337 3727 tributum;
1354 3660 1461 3716 interire
1474 3664 1486 3691 ⁰
1500 3679 1533 3717 na
1546 3678 1665 3732 pereurrr.
1678 3663 1812 3724 Nescimus

1003 3750 1074 3807 itanc
1088 3765 1150 3807 esse
1171 3750 1250 3807 nobis
1263 3752 1389 3807 traditam
1413 3752 1545 3809 diuinitus
1572 3753 1766 3827 disciplinam,
1782 3768 1812 3815 ut

1003 3845 1064 3902 sine
1080 3845 1136 3900 ulto
1147 3853 1252 3901 terrore
1262 3845 1367 3902 miiitim
1381 3846 1433 3901 rim
1450 3857 1575 3905 tttenmut·
1588 3852 1660 3905 tanti
1675 3852 1808 3919 nominis,

151 3939 232 3996 sicuti
246 3956 296 3997 nos
317 3942 442 4007 credere,
468 3942 495 3997 iu
517 3941 568 3997 trac
590 3940 753 3998 defensione
778 3952 872 3996 nostra
888 3956 951 4012 per·
1003 3938 1104 4009 quippe
1116 3951 1185 4008 quos
1196 3936 1252 4006 jam
1267 3935 1372 4008 pridem
1387 3948 1496 3995 eterne
1509 3940 1652 3998 memorie
1672 3943 1810 4015 cupiditas

152 4040 256 4101 stantes
267 4050 316 4103 pro
330 4035 376 4088 Dei
392 4032 462 4089 Filio
472 4043 502 4088 ut
516 4047 566 4088 nos
581 4034 648 4087 errori
660 4047 772 4101 cupere.
789 4033 826 4085 At
842 4042 887 4086 ma
902 4047 952 4084 ιιιι-
1003 4029 1171 4085 abstraxerit
1185 4044 1201 4083 a
1214 4028 1355 4086 desiderio
1365 4030 1443 4088 istius
1470 4033 1553 4101 lucis,
1571 4037 1743 4107 quosqueed
1757 4040 1811 4095 cat·

152 4123 538 4192 rellapraedicatioetrecens
560 4122 666 4194 religio,
696 4122 747 4178 sub
772 4110 905 4194 pretextu
921 4122 952 4178 ιι-
1007 4122 1094 4178 careda
1115 4122 1206 4178 omnia
1238 4133 1346 4180 terrena
1371 4123 1472 4183 Christi
1497 4129 1616 4183 societas
1646 4134 1809 4203 segregarit.

150 4215 195 4272 dei
210 4215 378 4289 blasphemia
395 4216 402 4254 ι
416 4217 443 4272 in
456 4215 772 4287 perniciemsalntlstuae
788 4226 875 4285 perte
889 4231 953 4287 pro·
1007 4216 1145 4285 Crescitl’,
1172 4218 1326 4285 Constanti
1353 4221 1524 4278 crudelitatis
1551 4232 1604 4279 tuse
1627 4239 1722 4297 pugne
1741 4228 1810 4284 :sed

151 4310 217 4378 iata,
235 4326 288 4366 non
303 4310 491 4367 solumadbuc
505 4308 616 4367 limitem
629 4309 782 4365 Romarnrm
806 4324 954 4381 peragrare
1008 4326 1132 4370 crescere
1146 4312 1259 4370 aduerte
1280 4313 1422 4370 etClrristi
1442 4315 1572 4372 militibus
1597 4317 1731 4389 gloriam,
1760 4336 1810 4378 nec

152 4429 263 4486 solitum
276 4429 395 4502 antiquis
406 4429 500 4486 iusisse.

189 4509 204 4539 e
219 4502 255 4556 lta
269 4503 439 4558 correximus
453 4516 515 4557 com
532 4499 650 4565 Latinio,
665 4513 726 4556 cnm
748 4507 826 4554 anteo
843 4497 950 4570 legere-

153 4583 207 4679 torb,
220 4590 249 4696 Rc
263 4573 452 4698 ‘mu‘ww
466 4573 577 4700 ἵεὲτειιιο.
592 4642 610 4699 d

250 4659 339 4697 eene.
375 4660 469 4701 :rme
520 4658 621 4698 nan.

193 4723 205 4751 ο
223 4712 303 4780 Quin.
315 4711 401 4769 tatto.
413 4714 463 4770 sed
477 4725 614 4783 corrtrpte.

190 4781 356 4838 ddiuidimus.
374 4785 462 4840 Latin.
479 4797 506 4841 et
517 4783 632 4841 Gaiarrd.

193 4855 327 4909 ‘initium
348 4854 468 4926 Symbuli
481 4855 584 4911 Nicaeni
598 4857 641 4911 tric
666 4851 762 4917 relect,
796 4854 866 4924 qtrotl
884 4856 951 4911 inte·

154 4925 392 5052 griprffidesclripsit
407 4926 496 5052 militis.
510 4926 542 4980 de
555 4943 607 5054 ιιιοὲι
617 4925 730 5051 &swein
743 4924 828 4980 ileum
840 4924 937 4997 delinp.

246 5014 347 5052 rurnror
366 5014 406 5052 ne.
446 5012 555 5052 ome
606 5013 706 5050 sarr.

192 5070 260 5124 ebe
273 5014 390 5125 Luciferi
412 5069 547 5154 legatione
573 5069 599 5125 in
621 5068 815 5124 Mediolanensi
835 5069 953 5124 coneilio

154 5140 218 5197 ride
232 5156 292 5211 que
306 5142 332 5196 in
345 5143 405 5211 ejus
417 5140 476 5196 tna
486 5149 596 5196 narrata
610 5147 683 5194 surii.

190 5210 252 5268 11ιῖι
265 5223 366 5268 contra.
379 5211 467 5271 taric.

194 5284 342 5340 1ιὶιιιιιιιιιι
354 5285 486 5353 intellige,
497 5284 556 5339 sire
575 5280 719 5352 epistolum
738 5281 886 5338 coristantii
903 5298 952 5338 no·

155 5354 229 5411 mine
242 5357 277 5411 ab
287 5355 394 5411 Arianis
408 5358 547 5426 proposita
564 5357 590 5409 in
606 5353 722 5408 concilio
741 5351 949 5421 Mediolanensi,

155 5429 256 5494 deqrre
279 5427 306 5481 in
329 5424 445 5483 Liscileri
459 5429 526 5483 vita.
550 5425 711 5484 Gallondius
739 5424 832 5480 mallet
858 5425 973 5495 legere.

153 5492 303 5565 blasphemo
325 5497 427 5569 relt'pt'o.

190 5565 197 5615 l
219 5567 308 5635 ldest,
320 5569 347 5623 in
363 5575 423 5640 ipso
443 5571 560 5627 concilio
579 5568 789 5634 Mediolanensi,
807 5566 878 5624 tunde
899 5583 947 5637 per

153 5634 268 5704 ltattann,
280 5650 307 5695 ct
319 5638 492 5707 Occidcotmu
502 5642 557 5697 inte
570 5651 662 5712 posset
676 5640 768 5711 vagari
781 5658 787 5692 :
803 5640 850 5695 sed
870 5641 947 5695 irrito

153 5703 304 5763 Constantii
316 5712 518 5768 cincinnorum
533 5719 643 5767 conatu.
663 5707 703 5765 tls
727 5710 819 5780 ciuibus
844 5708 944 5780 niuem,

963 4428 1040 4498 nait
1064 4427 1198 4483 baronius
1221 4427 1254 4482 ad
1279 4443 1324 4483 att.
1350 4429 1414 4498 556,
1441 4446 1516 4486 num.
1543 4431 1590 4499 ιι,
1616 4434 1810 4501 quantumlibet

1004 4500 1096 4554 Ariani
1119 4500 1208 4569 sonore
1228 4497 1383 4564 Constantii,
1406 4509 1430 4554 et
1456 4502 1512 4568 ipse
1537 4501 1710 4561 Constantius
1740 4509 1810 4562 orem

1003 4570 1159 4625 deiectorum
1185 4580 1280 4625 conclu
1304 4580 1386 4626 totum
1401 4570 1578 4628 Christianum
1593 4573 1683 4630 orbem
1698 4578 1810 4633 misem·

1002 4643 1065 4705 rint,
1078 4652 1105 4696 ut
1124 4642 1247 4696 Arionem
1267 4639 1395 4709 iecerint,
1411 4643 1464 4714 lide
1483 4646 1590 4714 expiem
1605 4643 1758 4715 domeure,
1781 4651 1808 4705 irr

1002 4712 1110 4767 moieno
1121 4714 1284 4767 seminarent.

1038 4783 1051 4822 ¹¹
1067 4787 1197 4862 Εἱρονικῶς
1213 4783 1327 4839 dicium.

1040 4853 1049 4892 ¹
1068 4855 1119 4924 Qui
1145 4858 1215 4909 enirn
1235 4853 1343 4910 uoluerit
1367 4857 1482 4913 animem
1504 4875 1579 4914 suum
1609 4861 1731 4930 perdere,
1752 4873 1807 4921 ete.

1008 4925 1088 4982 Vers.
1101 4929 1178 4991 lint,
1190 4925 1239 4981 bis.
1253 4924 1281 4982 S.
1297 4927 1389 4983 Germ.
1415 4929 1487 5000 apud
1501 4929 1596 4987 Sabat.
1621 4946 1686 4989 cum
1706 4933 1807 5003 Lucii..

1007 5007 1106 5068 preter
1120 5014 1180 5052 nam
1194 5013 1243 5069 pro
1257 5008 1354 5054 cutem.

1042 5078 1062 5102 '¹
1082 5069 1119 5125 Es
1134 5067 1241 5130 Gtaeco,
1254 5070 1298 5125 τὸν
1312 5069 1367 5126 ὄιον
1381 5074 1430 5130 ade
1451 5071 1576 5130 m-Vets.
1591 5074 1657 5130 Atti.
1672 5075 1753 5134 ltunc.

1041 5142 1056 5170 ⁸¹
1069 5140 1154 5197 diocte
1176 5149 1264 5195 contro
1290 5157 1415 5201 curamue.
1430 5095 1517 5200 totio.
1530 5154 1559 5202 et
1579 5143 1810 5208 ostimentum

1006 5222 1095 5267 tamen
1110 5220 1193 5279 recte,
1208 5226 1270 5266 eum
1288 5227 1385 5269 sensus
1401 5225 1514 5284 prerstet.

1044 5283 1056 5311 ⁰
1073 5282 1162 5338 Editio
1173 5282 1277 5338 Tiliana
1291 5300 1343 5341 ιιοιι
1361 5286 1443 5343 babet
1458 5287 1529 5343 lianc
1542 5287 1705 5360 lectionem,
1722 5291 1807 5347 inter-

1002 5355 1084 5409 ircue
1103 5371 1148 5426 per
1161 5370 1233 5423 eant,
1253 5363 1283 5410 ut
1308 5356 1425 5414 nliirmat
1439 5357 1618 5428 Gallaudius3
1645 5362 1696 5417 scd
1720 5364 1750 5418 in
1772 5378 1807 5421 ea

1001 5426 1144 5498 perspicue
1157 5426 1264 5493 legitur,
1278 5428 1383 5482 interire
1408 5447 1440 5485 ne
1462 5447 1576 5502 pereum.
1604 5430 1806 5502 Lugdunenses

1001 5505 1106 5579 yeroet
1118 5499 1234 5582 pessime
1249 5508 1277 5554 et
1295 5499 1398 5571 ebsrpue
1422 5501 1476 5557 ulla
1490 5517 1571 5558 causa
1587 5503 1624 5558 ita
1635 5504 1804 5564 ediderunt:

999 5578 1103 5622 tulerrre
1118 5586 1149 5622 ne
1162 5584 1266 5638 poterut.

1035 5640 1050 5680 ι
1063 5640 1185 5707 Similem
1200 5641 1364 5697 sementiam
1381 5641 1462 5701 babet
1480 5643 1501 5702 C
1523 5647 1634 5718 prisona
1646 5646 1675 5703 in
1687 5648 1771 5720 epist.
1785 5648 1805 5707 8

997 5710 1064 5767 edit.
1082 5711 1275 5770 ertrzianmnd
1292 5712 1422 5784 llurtyres
1443 5725 1471 5772 et
1496 5661 1804 5777 dontessoreszcrettt
