3900 6134
155 204 226 271 stat

895 211 1067 269 tbbdttttt.

1745 207 1822 266 {200

111 394 116 401 ¹
153 326 294 392 ἀπόδειξιν,
310 330 386 381 τοῦτο
397 330 588 398 πεποιήκαμεν·
605 328 664 388 τοὺς
679 323 900 398 οἰδιοιμωτὰτονς
917 330 960 382 καὶ
972 327 1000 388 Α
1011 326 1222 384 verendissimos
1235 337 1262 384 et
1273 328 1447 386 charissimos
1458 327 1558 386 tratres
1571 325 1821 384 etcontministros

153 421 327 494 τιμιωτάτους
345 415 468 489 ἀδελφοὺς
487 421 531 473 καί
548 418 760 494 συλλειτονργοός
773 421 843 491 ήμῶν
854 419 959 474 έπισκό·

153 531 230 572 πους,
246 510 377 585 κυριακὸν,
393 508 524 564 Εὐσέθιον.
539 512 584 564 καί
596 510 743 585 Προσκιανόν
761 510 900 583 προθύμως
913 532 956 566 να-

153 613 210 677 μιῖν
224 601 307 680 ἄχρις
321 603 393 675 ὑμῶν
406 599 610 662 δυσωπήσαντες
637 598 669 656 δι’
682 599 715 655 ὧν
725 603 766 657 καί
775 607 821 662 τόν
833 604 956 679 ἡμετέραν

154 699 304 772 προαίρεσιν
315 696 441 772 εἰρηνικήν
451 689 542 757 οὖσαν,
554 697 595 749 καί
606 694 701 749 σκοπόν
712 694 826 756 ένὼσεως
839 692 955 765 έχουσοιν

153 790 336 865 έπιδεέκνυμεν,
353 794 396 845 καί
409 790 452 845 τὸν
474 790 546 854 ζῆλον
568 790 639 862 ἡμῶν
657 789 700 843 τόν
712 790 780 864 ὑπέρ
799 798 846 850 τῆς
865 789 955 864 ὑγιοῦς

151 886 274 946 πίστεως,
287 885 391 960 φανερόν
402 890 533 955 ποιοῦμεν.

188 974 276 1051 Ἡμεῖς
286 978 335 1053 γάρ
349 973 398 1033 είτι
414 974 553 1050 διωγμοὺς,
567 974 617 1033 εἴτε
632 975 738 1048 θλίψεις,
756 974 805 1032 εῖτε
819 976 954 1048 βασιλικὰς

150 1070 269 1134 ἀπειλὰς,
294 1067 344 1125 εἴτε
369 1071 414 1131 τάς
431 1077 482 1124 τῶν
499 1069 634 1145 ἀρχόντων
654 1068 800 1141 ὠμότητας,
825 1067 874 1126 είτέ
898 1091 953 1127 τινα

149 1163 294 1238 πειρασμόν
316 1162 404 1237 έτερον
427 1162 498 1237 παρὰ
523 1168 574 1217 τῶν
599 1162 732 1235 οιίρεεικῶν
760 1161 950 1235 ὑπεμιίναμεν,

148 1254 217 1331 ὑπέρ
229 1262 276 1314 τῆς
284 1253 446 1329 εθαγγελικῆς
461 1255 575 1314 πίστεως
588 1261 635 1314 τῆς
645 1255 671 1308 έν
679 1257 769 1327 Νικαίᾳ
780 1262 827 1315 τῆς
838 1254 952 1315 Βιθυνίας

148 1348 221 1423 παρά
239 1352 289 1401 τῶν
311 1347 463 1422 τριακοσίων
485 1342 613 1400 δεκαοκτὼ
638 1347 756 1422 πατέρων
780 1347 949 1422 κυρωθείσης,

148 1437 308 1510 ὑπέστημεν.
323 1435 426 1495 Ταύτην
437 1438 488 1512 γάρ
500 1440 542 1491 καί
556 1437 617 1509 ὑμῖν
631 1441 673 1493 καί
688 1440 745 1509 ἡμῖν
758 1441 799 1492 καί
816 1443 883 1494 πᾶσι
894 1446 951 1499 τοῖς

145 1535 183 1605 μδ
202 1529 383 1606 διαστρέφουσι
396 1532 438 1587 τόν
455 1530 528 1594 λόγον
547 1540 593 1591 τῆς
609 1531 717 1593 ἀληθοῦς
729 1534 853 1595 πίστεως,
869 1553 948 1588 συυα·

144 1627 246 1702 ρέσκιιν
258 1624 297 1681 δεῖ
305 1641 311 1653 ·
328 1626 357 1685 νίν
371 1625 444 1696 μολις
460 1629 523 1680 ποτέ
541 1605 727 1700 πρεσδυτάτην
747 1647 774 1682 τι
791 1621 890 1692 οὖσαν,
908 1629 949 1683 καί

1010 433 1119 479 nostros
1131 424 1285 495 cyriacum,
1302 423 1448 479 Eusebium
1473 432 1501 478 et
1522 422 1696 478 Priscianum
1715 423 1820 490 depre-

1008 517 1072 582 cati,
1087 527 1114 573 ut
1125 518 1313 590 proficiscendi
1326 518 1360 573 ad
1373 534 1421 573 rtis
1435 517 1555 573 labat-cm
1572 516 1697 573 libenter
1724 514 1819 569 susei-

1009 622 1115 681 perent.
1132 609 1185 666 Per
1197 627 1265 682 qttos
1279 620 1307 669 et
1330 611 1498 666 voluntatem
1522 620 1645 665 nostram
1667 606 1819 681 pacillcatn

1007 716 1079 771 esse,
1095 703 1216 773 atquead
1229 705 1360 760 unitatem
1368 716 1496 775 spectare
1508 701 1695 766 nstettdimus;
1711 708 1743 757 et
1755 714 1821 756 nos-

1007 802 1076 852 tram
1090 810 1214 867 prusana
1232 795 1284 853 ttde
1303 795 1390 852 zetum
1401 796 1575 852 manilestum
1591 795 1723 851 tacimus.

1040 982 1087 1039 tv.
1106 982 1161 1041 Nos
1176 984 1266 1054 enim,
1290 985 1348 1041 site
1363 984 1587 1055 persecutiones,
1604 984 1665 1041 siue
1685 983 1823 1050 imperia·

1005 1074 1047 1133 les
1062 1078 1160 1142 minae,
1174 1079 1234 1135 sive
1254 1079 1447 1136 crudelitatem
1472 1079 1638 1151 praesidum,
1656 1081 1719 1137 siue
1735 1078 1818 1135 aliam

994 1182 1203 1241 ¹quamcumque
1218 1171 1396 1226 tenationem
1412 1170 1448 1227 ab
1462 1171 1600 1228 haereticis
1627 1172 1818 1244 pertulimus,

1002 1273 1054 1330 pro
1065 1260 1222 1329 evangelica
1238 1261 1307 1330 hile,
1323 1277 1383 1331 qua
1398 1261 1517 1328 Nicaeae,
1532 1263 1560 1319 in
1579 1263 1743 1337 Bithyniae
1762 1275 1820 1322 tre·

1002 1355 1090 1410 centis
1108 1362 1137 1410 et
1156 1354 1307 1412 octodecim
1335 1357 1456 1424 patribus
1470 1365 1483 1394 ε
1497 1359 1662 1413 continuata
1677 1369 1736 1424 est,
1758 1372 1820 1414 sns-

1002 1449 1146 1504 tinuimus.
1166 1449 1240 1505 llune
1254 1450 1328 1506 enim
1343 1458 1371 1506 et
1393 1450 1495 1516 uobis,
1512 1458 1539 1506 et
1563 1451 1663 1517 ttobis,
1680 1460 1711 1505 ct
1726 1454 1821 1508 omni·

1002 1539 1052 1595 bas
1065 1541 1110 1612 qni
1127 1557 1198 1598 terat
1214 1541 1275 1597 helei
1294 1558 1449 1598 sermonem
1475 1560 1529 1598 nan
1555 1552 1736 1614 pervertunt,
1755 1560 1822 1615 pra-

1001 1633 1059 1689 bari
1072 1629 1152 1688 decet
1167 1634 1176 1704 (
1185 1631 1294 1705 l>eptam
1322 1650 1371 1690 nos
1395 1635 1440 1690 vix
1464 1636 1573 1691 tandem
1600 1637 1762 1693 retinemus
1787 1653 1821 1695 ae

144 1718 281 1775 ἀκόλουθον
302 1724 339 1788 τῷ
363 1717 536 1790 βαπτίσματι,
555 1720 599 1772 καί
617 1715 787 1774 διδάσκουσαν
801 1721 870 1788 ἡμᾶς
883 1740 946 1774 πισ-
961 1726 984 1788 Β
998 1723 1154 1794 servamus)
1170 1738 1177 1776 :
1193 1724 1363 1795 qttippequae
1381 1726 1570 1795 antiquissima
1583 1726 1620 1781 sit
1631 1739 1660 1782 et
1675 1728 1821 1796 baptismo

143 1814 227 1871 τεύειν
251 1812 287 1872 είς
307 1811 336 1867 τὸ
360 1806 441 1884 όνομα
461 1816 506 1867 τοῦ
529 1813 629 1888 πατρὸς
649 1815 692 1867 καί
706 1818 752 1866 τοῦ
775 1812 833 1866 νίοῦ
847 1814 888 1867 καί
902 1818 947 1868 τοῦ

144 1904 220 1979 ἁγίου
242 1907 397 1978 πνεύματος.
426 1902 524 1965 Δηλαδιί
547 1904 663 1966 θιότητός
684 1927 713 1961 τε
739 1907 779 1960 καί
804 1903 946 1979 δυνάμεως,

142 2001 187 2056 καί
202 2000 294 2060 οὐσίας
307 2004 369 2074 μιάς
383 1999 540 2075 τοῦπατρὸς
560 2000 601 2053 καί
619 2005 666 2055 τοῦ
680 1999 737 2053 aiod
750 2002 795 2054 καί
807 2005 854 2055 τοῦ
873 1999 946 2072 έιγῖου

141 2094 290 2165 πνεύματος
311 2094 517 2165 πιστευομένης,
539 2091 662 2165 όμοτίμου
684 2113 711 2147 τε
731 2101 777 2153 τῆς
799 2094 883 2159 ἀξίας,
903 2095 947 2148 καί

141 2183 273 2243 συναίδέου
287 2193 334 2246 τῆς
348 2185 479 2250 βασιλείας
493 2185 519 2238 έν
536 2187 608 2260 τρισί
629 2185 737 2245 τελιίαις
757 2185 945 2252 ἀποστάσεσιν,

140 2279 219 2354 ίίγουν
234 2282 304 2355 τρισί
318 2280 422 2340 τελείοις
434 2281 601 2356 προσώπων
619 2281 653 2339 ὡς
665 2282 729 2352 μήτε
751 2284 797 2338 τόν
812 2279 945 2334 Σαθελλίου

138 2373 212 2430 νόσον
238 2376 328 2450 χώραν
350 2373 456 2438 λαθεῖν,
482 2374 665 2444 συγχεομένων
688 2379 738 2426 τῶν
760 2373 943 2441 ἀποστάσεων,

140 2463 224 2540 alpem
244 2473 296 2520 τῶν
316 2464 448 2525 ἰδιοτνίτων
470 2467 671 2542 ἀναιρουμένων·
693 2470 756 2536 μήτε
771 2471 876 2536 palerna
896 2475 946 2522 τῶν

139 2562 312 2632 simpectas,
336 2561 379 2614 καί
396 2555 537 2634 ’Δρειανῶκ
562 2559 848 2635 καίΙΙΙνευματομάχοιν
861 2558 944 2629 βλασ·

123 2717 125 2721 ⁴
139 2654 235 2728 γημίαν
248 2649 365 2725 ἰσχύειν,
377 2659 423 2712 τῆς
438 2649 556 2711 οὑσίαςίη
570 2658 616 2711 τῆς
630 2650 730 2724 μύσεως
744 2648 760 2709 θ
772 2658 817 2710 τῆς
827 2646 945 2711 θεότητος

138 2746 300 2820 τεμνομένης,
313 2748 356 2799 καί
366 2752 398 2820 τῇ
410 2745 523 2815 ἀκτίστῳ
546 2744 590 2798 καί
611 2741 741 2813 όμοουσίῳ
759 2745 804 2797 καί
822 2741 943 2816 συναῖδίῳ

138 2838 224 2920 τριάδι
246 2839 465 2913 μεταγενεστέροις
478 2837 546 2897 τινός
558 2877 565 2898 ,
579 2835 595 2896 δ
610 2844 731 2903 κτιστὴς,
749 2835 764 2896 ό
778 2836 942 2913 έτεροονσίου

139 2936 241 3010 μύσεως
261 2934 431 3006 έπαγομένης.
444 2934 490 2987 net
504 2932 547 2988 τόν
560 2938 607 2992 τῆς
627 2932 841 3008 ένανθρωπήσεως
856 2931 884 2988 δέ
895 2940 943 2990 τοῦ

139 3029 230 3105 κυρίου
252 3026 325 3101 λόγον
345 3023 516 3103 ἀδιάστρομον
537 3027 663 3098 σώζομεν,
678 3021 737 3080 οὔτι
751 3021 868 3097 ἄψυχον,
883 3023 941 3098 οὔτε

1000 1821 1203 1874 consentanea.
1219 1812 1321 1870 docens
1344 1830 1393 1871 uos
1418 1814 1531 1872 credere
1548 1817 1574 1871 in
1598 1833 1706 1873 nomen
1726 1817 1819 1875 Patris

999 1915 1027 1962 et
1040 1904 1101 1961 Filii
1117 1915 1144 1961 et
1157 1906 1274 1977 Spiritus
1287 1907 1375 1962 sancti
1392 1925 1399 1965 :
1416 1923 1497 1963 unam
1521 1907 1630 1965 scilicet
1653 1909 1816 1977 deitatem,

999 1999 1150 2075 potentiani
1165 2011 1193 2056 et
1205 2001 1386 2058 substantiam
1410 2001 1502 2057 Patris
1518 2014 1545 2058 et
1559 2001 1624 2058 rtttt
1640 2013 1669 2060 et
1691 2003 1818 2073 Spiritus

998 2090 1085 2147 sancti
1097 2091 1261 2160 credetttes;
1278 2092 1410 2161 nuptialem
1426 2093 1492 2149 item
1507 2093 1676 2162 dignitatem
1691 2109 1720 2152 et
1745 2111 1819 2152 τινα·

999 2191 1106 2240 ternum
1122 2200 1235 2256 εομιιιιεη
1251 2188 1277 2239 in
1294 2185 1382 2241 trihus
1399 2183 1529 2254 perlectis
1544 2183 1745 2257 hypostasibus
1764 2202 1814 2243 seu

998 2281 1025 2335 in
1040 2279 1127 2335 trihus
1144 2279 1272 2348 perlectis
1288 2281 1422 2349 personis.
1435 2278 1473 2334 lta
1486 2289 1514 2334 ut
1531 2294 1583 2335 nee
1599 2280 1692 2335 locum
1710 2280 1816 2338 lrabeat

998 2369 1110 2426 Sabellii
1127 2371 1193 2434 lues,
1210 2387 1263 2439 qua
1278 2370 1441 2442 hypostases
1455 2369 1678 2438 conluttdantur,
1702 2373 1811 2427 tollan-

998 2472 1094 2534 torque
1109 2464 1309 2533 proprietates;
1326 2479 1377 2519 nec
1391 2464 1630 2521 Eunomianbrum
1647 2474 1674 2521 et
1687 2465 1812 2520 Ariano-

996 2572 1057 2613 rum
1073 2567 1100 2613 et
1124 2557 1438 2613 Pueumatontachurum
1463 2557 1586 2614 obtineat
1614 2557 1812 2628 blasphemia,

996 2649 1245 2722 quaesuhstantiant
1253 2660 1432 2705 seunaturam
1441 2664 1473 2704 ac
1485 2649 1810 2720 divinitatemdiscindir‚

996 2752 1025 2800 et
1040 2745 1169 2801 increatae
1183 2748 1243 2800 sice
1257 2743 1485 2801 consubstantiali
1500 2752 1528 2800 et
1542 2754 1694 2800 coaeternae
1719 2743 1811 2800 Trini-

996 2839 1044 2892 tati
1061 2837 1242 2904 posteriorem
1257 2837 1402 2904 quatndam
1417 2846 1538 2890 creatam
1554 2850 1604 2891 seu
1616 2837 1737 2892 diversa
1747 2837 1812 2893 sub·

995 2931 1107 2985 stantiae
1121 2941 1246 2985 naturam
1262 2928 1464 2998 superinducit.
1481 2929 1685 2987 lttearnationis
1699 2946 1812 3003 quinquie

995 3023 1103 3079 Domini
1133 3023 1287 3079 doctrinam
1313 3022 1501 3092 incorruptam
1522 3037 1691 3090 servamus,
1720 3039 1810 3094 neque

140 3117 226 3176 έίνουν.
245 3117 260 3178 ό
279 3118 354 3177 ἀτελῆ
368 3122 413 3176 τὴν
425 3124 472 3177 τῆς
484 3117 580 3193 σαρκός
600 3117 742 3189 οἰκονομίαν
755 3116 941 3191 παραδεχόμε·
958 3125 981 3190 G
997 3116 1111 3181 animm,
1136 3130 1225 3186 neque
1249 3115 1349 3171 mentis
1375 3125 1519 3187 expertem
1545 3126 1592 3170 abt
1615 3113 1808 3187 imperfectam

138 3225 191 3268 νοι·
205 3207 260 3265 ὅλον
273 3207 300 3265 δέ
315 3206 428 3269 τίδότες.
444 3209 537 3264 τέλειον
549 3211 595 3280 μέν
607 3204 668 3263 ὄντα
688 3209 738 3284 πρό
762 3211 857 3265 αἰώνων
878 3217 941 3266 Θιοῡ

139 3302 225 3376 λόγον,
240 3301 331 3357 τελειον
344 3298 371 3355 δέ
385 3297 519 3373 ἄνθρωπον
530 3299 570 3356 ἐπ’
585 3297 706 3372 έσχάτων
723 3309 774 3356 τῶν
787 3304 887 3377 ἡμερῶν
902 3301 944 3359 διά

140 3399 188 3456 τήν
202 3394 327 3470 ἡμετέραν
339 3394 470 3468 σωτηρίαν
482 3391 624 3465 γενόμενον.
639 3393 677 3447 Τά
695 3396 741 3464 μέν
757 3387 800 3447 οὗν
818 3397 883 3450 κατά
898 3400 943 3455 τήν

142 3490 243 3551 πίστιν,
252 3491 298 3546 τόν
310 3485 370 3564 παρ’
380 3487 450 3556 ἡμῶν
461 3484 642 3545 ἀνυποστόλως
653 3487 856 3562 κηρυττομένυν,
870 3489 904 3548 ὡς
917 3489 943 3542 ts

142 3581 265 3655 κιραλαίῳ
283 3585 404 3636 τοιαῦτα·
425 3581 485 3654 περί
501 3574 535 3632 ὦν
555 3581 598 3633 καί
619 3579 660 3634 ἐπί
674 3579 760 3635 πλοῖον
782 3578 945 3653 ψυχαγωγη-

142 3673 217 3733 θνῖναι
239 3670 391 3736 δυνήσεσθε,
410 3678 447 3745 τῷ
462 3691 490 3726 τε
508 3671 532 3724 έν
547 3669 693 3746 Ἀντιοχείᾳ
712 3672 783 3743 τόμῳ
807 3675 879 3746 παρὰ
898 3682 944 3735 τῆς

145 3767 199 3822 έκεῖ
219 3765 391 3825 συνιλθούσος
421 3761 532 3819 συνόδου
562 3764 717 3839 γεγενημένῳ
744 3766 944 3831 καταξιώσαντος

183 3983 199 4013 ⁸
210 3973 337 4031 Valesius
347 3971 393 4028 hic
403 3970 479 4027 addit
492 3969 520 4026 in
535 3968 642 4027 Gracc.
657 3972 735 4044 ἁγίων
744 3972 880 4049 θιοφὸρων.
895 3971 946 4028 sed

149 4062 204 4104 non
227 4045 292 4099 item
318 4045 344 4097 in
368 4044 449 4096 latina
475 4041 701 4112 interpretatione
721 4044 818 4097 οοοοιίι
839 4043 946 4108 deiferis

149 4115 259 4181 adjecit.
274 4112 372 4167 Verum
389 4111 459 4166 istud
474 4111 690 4165 additamentum
713 4115 883 4181 nequeapud
905 4112 947 4165 Ni-

149 4183 302 4253 ccpltorum
316 4192 423 4237 exstare
438 4181 544 4242 lassus,
559 4190 663 4234 tantum
679 4189 754 4234 tttitat
767 4183 948 4237 soleinnem

150 4258 306 4331 epithetum,
318 4268 369 4323 qno
380 4251 533 4307 recentiores
543 4249 627 4306 Groeei
644 4251 780 4324 desipuere
790 4254 872 4306 retent
889 4255 945 4323 epi·

151 4343 244 4397 scopet
256 4323 282 4380 N
285 4324 360 4379 islani
369 4321 481 4378 concilii.
491 4322 558 4389 Qun
570 4337 635 4378 saue
647 4323 715 4378 ratio
726 4323 824 4379 idonea
832 4340 886 4379 non
895 4336 947 4392 est,

152 4416 202 4457 cuc
217 4398 288 4454 idem
313 4394 463 4466 epithetum
486 4395 575 4462 cucurti
590 4394 682 4450 snettli
699 4398 867 4450 imminuente
882 4397 950 4466 adji-

151 4468 457 4528 etstur.1ttu‹teeneet
476 4466 540 4519 olim
562 4465 728 4537 Epiphanius
748 4465 945 4536 sehotastteos,

153 4551 182 4599 et
197 4550 289 4597 nostra
304 4547 383 4594 aetate
397 4535 559 4594 Sirmundus
575 4537 744 4607 ignorarant.
759 4539 897 4595 (leuatur.

190 4611 204 4652 b
215 4612 301 4666 verita
313 4611 420 4665 uticiois
431 4608 531 4662 inclusa
546 4609 662 4663 retonuit
673 4607 846 4675 attinendos,
860 4624 947 4680 neque

153 4697 243 4754 praee
258 4681 401 4750 expressit.
412 4679 466 4736 Sed
480 4677 601 4733 Valesius
616 4679 747 4735 reclamat
761 4695 792 4732 ea
814 4680 839 4734 in
856 4683 946 4737 otntti·

152 4756 205 4810 hus
223 4751 422 4819 etetttptarihtts
435 4751 508 4814 suis,
530 4759 559 4804 ut
571 4759 598 4805 et
612 4749 638 4806 in
652 4751 772 4806 editione
784 4751 944 4819 haselacensi,

153 4840 205 4881 nea
225 4839 281 4880 non
296 4822 367 4892 apud
391 4821 571 4889 Nicephorum
587 4836 611 4876 et
638 4821 819 4890 lpiphauiunt
839 4823 945 4878 haberi.

153 4895 401 4967 Nicephoritamen
418 4892 551 4960 interpres
569 4890 714 4948 sirmondo
741 4893 857 4948 concinit
874 4913 880 4948 :
896 4910 947 4952 nec

155 4966 322 5024 concordare
346 4963 512 5034 Epiphanius
526 4961 740 5030 deprehenditur
752 4979 814 5018 cum
828 4964 945 5020 valesia.

154 5039 233 5110 Apud
251 5039 324 5091 illam
348 5034 475 5100 hahetur,
501 5048 577 5103 qnam
605 5035 700 5088 οεῖηιιιι
726 5035 945 5106 αηιῖιμιῖιιίηιιινι.

153 5108 194 5166 Er
204 5124 259 5178 ιμιο
271 5106 398 5176 colligere
411 5113 454 5159 est
475 5119 538 5159 euru
552 5119 641 5171 craece
654 5107 773 5173 legisse,
799 5109 827 5166 ἣν
850 5106 947 5179 εἴδομεν

150 5182 345 5258 repraesentem.
374 5174 532 5246 llujttsntodi
552 5174 633 5231 lectio
655 5192 715 5232 cum
732 5180 839 5232 contulit
864 5193 947 5249 scopo

152 5251 234 5323 louge
248 5251 334 5316 tttapis
358 5247 496 5308 cubaret,
523 5260 604 5317 quatu
619 5245 770 5301 Valesiana.
796 5247 860 5301 Natu
873 5249 946 5304 istud

150 5322 195 5377 ain
208 5323 312 5376 tandem
326 5320 394 5373 ltand
405 5318 523 5374 obscure
540 5316 701 5372 adversatur
715 5318 836 5385 protinte
849 5319 944 5389 dictis,

150 5392 248 5464 quilius
258 5390 411 5448 Orietttules
425 5389 542 5443 Nicaeum
557 5388 618 5442 lidei
629 5404 774 5459 numquam
791 5405 844 5444 non
871 5404 946 5446 tena-

151 5464 288 5520 ceslmsse
299 5476 329 5517 se
339 5459 453 5531 protessi
469 5457 651 5515 suntltcinde
665 5461 706 5514 his
720 5459 819 5516 valesii
835 5462 945 5530 veritis,

147 5541 263 5659 μιιιιιιιιι
276 5550 306 5589 οε
317 5548 463 5599 remeatur,
475 5532 579 5586 nullum
592 5531 617 5586 in
632 5531 729 5587 Graeca
745 5540 820 5587 textu
833 5548 947 5602 respon-

166 5612 202 5660 τε.
218 5608 257 5662 ln.

186 5676 340 5732 ⁶ttaleeius
364 5689 458 5731 uocem
475 5672 597 5730 Graecam
622 5675 652 5732 τό
685 5675 806 5732 statiua
830 5675 947 5731 libellum

147 5744 239 5807 minut
251 5756 314 5820 apte
328 5744 441 5804 ,uidetur
465 5746 627 5804 reddidisse.
668 5747 713 5803 uid
733 5756 827 5807 tamen
849 5755 949 5821 sanet,

994 3208 1087 3264 carnis
1100 3207 1330 3277 dispensationem
1341 3206 1534 3274 adntittentes;
1546 3207 1596 3263 sed
1614 3217 1706 3263 lotum
1720 3211 1806 3264 seien-

996 3309 1048 3367 tes,
1065 3308 1128 3354 ante
1143 3299 1243 3355 saecula
1266 3298 1376 3370 quidem
1393 3297 1544 3369 perlectum
1561 3298 1609 3354 liei
1629 3299 1764 3367 verbnm,
1777 3299 1804 3355 itt

996 3389 1153 3448 notissimis
1168 3401 1259 3447 autem
1283 3390 1382 3447 diebus
1404 3390 1556 3462 perlectum
1581 3391 1728 3449 hominem
1747 3408 1808 3464 pro-

997 3495 1058 3559 pter
1074 3497 1193 3542 nostram
1207 3486 1322 3541 salutem
1337 3485 1439 3541 lactum
1456 3501 1528 3542 esse.
1543 3486 1577 3542 Et
1592 3486 1659 3543 tidei
1674 3472 1806 3559 quidem,

997 3594 1059 3658 qua
1079 3588 1267 3636 constantera
1290 3579 1370 3635 nobis
1393 3578 1573 3651 praedicatur,
1589 3579 1653 3637 haee
1663 3590 1706 3636 est
1722 3581 1807 3638 ueluti

998 3687 1114 3729 summa.
1140 3671 1200 3741 Qua
1224 3671 1260 3728 de
1279 3687 1310 3727 re
1334 3671 1357 3727 ei
1385 3670 1451 3742 quid
1478 3672 1596 3744 amplius
1617 3671 1808 3740 desideratis,

998 3763 1065 3822 satis
1088 3763 1166 3820 uobis
1192 3763 1240 3821 det
1255 3805 1263 3832 ,
1278 3764 1301 3820 si
1318 3773 1421 3821 tomum
1445 3763 1630 3823 οΑιιῑίοοῖιῖιο
1655 3782 1673 3822 ιι
1699 3767 1807 3840 synoda

996 3973 1119 4042 apprime
1132 3981 1175 4028 est
1186 3981 1337 4029 assecutus.
1352 3971 1487 4028 Observat
1500 3971 1602 4044 quippe
1614 3974 1643 4030 in
1663 3975 1807 4033 canone5

998 4045 1105 4098 etincitii
1119 4042 1327 4113 Cottstantinop.
1342 4044 1423 4116 τόμον
1437 4046 1546 4099 namium
1560 4045 1728 4118 syrtadicam
1755 4049 1805 4102 tta·

999 4112 1066 4168 masi
1082 4114 1238 4184 epistolam,
1256 4130 1337 4184 quam
1353 4118 1477 4183 superior
1500 4116 1616 4181 epistota
1632 4116 1699 4174 dex
1727 4131 1807 4191 parte

999 4184 1120 4250 etttibet,
1137 4184 1262 4241 iudicari.
1277 4187 1370 4256 thane
1382 4200 1448 4242 vero
1459 4187 1577 4242 insolens
1591 4198 1654 4255 est,
1668 4191 1806 4260 epistolas

1000 4256 1809 4399 hltlltidtlltt...l.'⁸itlitulttl..hianti

961 4398 1144 4479 Diiocltentea
1158 4400 1315 4455 inscribitur
1330 4416 1336 4453 :
1350 4411 1379 4453 et
1393 4401 1506 4470 epistula
1521 4400 1622 4457 Leottis
1640 4403 1676 4455 ad
1694 4403 1809 4460 Flavia·

1002 4485 1077 4536 num,
1091 4471 1153 4540 qttia
1171 4471 1234 4526 ltdei
1258 4485 1392 4524 summam
1415 4472 1617 4540 complectitur,
1630 4482 1723 4529 tomas
1739 4474 1809 4531 daeo-

998 4542 1040 4597 nis
1050 4542 1077 4595 iu
1092 4544 1214 4612 titutionis
1239 4541 1413 4597 ntottitneutis
1428 4544 1507 4611 vulgo
1521 4555 1710 4612 nuncttpatnr.
1726 4548 1807 4612 Otto·

998 4613 1069 4668 circa
1085 4613 1148 4666 tomi
1170 4627 1268 4669 ttottten
1288 4627 1350 4666 cuttt
1366 4613 1520 4682 Eptptnnto
1534 4624 1561 4670 et
1583 4612 1741 4673 sirmondo
1761 4634 1810 4674 re·

998 4683 1135 4749 tinnulas,
1161 4693 1261 4739 toruum
1282 4698 1353 4738 auno
1377 4684 1430 4740 579
1454 4685 1481 4740 iu
1505 4701 1537 4741 ea
1561 4685 1665 4743 celebri
1693 4689 1809 4761 synodo

998 4756 1179 4820 huttioeheua,
1193 4755 1271 4825 ‹eujtts
1285 4769 1367 4824 snpra
1382 4757 1415 4808 ad
1431 4757 1534 4813 calcem
1550 4757 1706 4826 epi-totas
1722 4778 1809 4817 rnen·

999 4827 1036 4879 tin
1054 4824 1094 4887 lit,
1109 4828 1247 4881 conditum
1263 4825 1308 4880 hic
1323 4829 1469 4882 memorari
1491 4842 1552 4884 eum
1572 4826 1682 4885 tatesio
1699 4832 1811 4888 intelli·

997 4895 1096 4964 pimus.
1110 4898 1202 4952 Eidem
1214 4912 1320 4967 quinque
1333 4899 1507 4958 assentimur.
1521 4899 1546 4953 hl
1562 4897 1633 4969 quaed
1649 4899 1679 4954 in
1693 4918 1811 4961 catione

997 4969 1015 5023 5
1029 4967 1136 5022 concilii
1150 4968 1203 5022 (ΣΡ.
1220 4981 1303 5022 tentus
1320 4966 1524 5023 occidentalium
1538 4970 1708 5038 appellatur,
1734 4974 1810 5033 nihil

998 5038 1070 5093 atiud
1100 5055 1161 5095 esse
1185 5039 1375 5102 existimanti,
1401 5055 1482 5110 quiam
1505 5051 1636 5109 seriptum
1663 5041 1809 5103 Riemann

997 5109 1104 5181 synodi,
1121 5109 1197 5180 cujus
1220 5109 1374 5178 tragttteuta
1396 5126 1477 5178 supra
1503 5112 1616 5177 aptota
1636 5113 1693 5168 heic
1721 5117 1810 5174 titula

999 5183 1133 5235 donantur
1148 5198 1155 5233 :
1172 5179 1289 5246 Epistola
1301 5180 1340 5234 νιί
1362 5182 1490 5252 expositio
1503 5182 1595 5254 aptandi
1610 5183 1745 5242 Romanor
1754 5187 1810 5245 hct-

998 5249 1056 5306 bite
1077 5251 1122 5306 ιιιθ
1148 5250 1261 5306 damaso
1277 5269 1364 5322 popo,
1381 5264 1404 5306 et
1426 5256 1578 5309 transtulisse
1600 5255 1627 5308 ia
1645 5255 1807 5319 Orienteru.

997 5323 1087 5388 Qttare
1102 5337 1154 5376 ttou
1170 5322 1258 5383 placet
1276 5326 1409 5377 sententia
1434 5324 1548 5380 zenone
1562 5335 1589 5379 et
1600 5325 1784 5387 Balsatnnnis
1799 5375 1809 5399 ,

996 5395 1041 5463 qui
1058 5402 1153 5447 tomam
1169 5392 1512 5450 Occidentalittntcanouem
1525 5395 1585 5452 ltdei
1598 5397 1625 5452 itt
1639 5399 1810 5461 &miseriei

997 5465 1115 5518 concilio
1141 5467 1340 5536 protitulgatunt
1364 5467 1598 5536 interpretantem
1621 5485 1676 5523 otto
1699 5470 1808 5544 Petili,

997 5534 1043 5601 nui
1058 5551 1116 5590 nar.
1132 5536 1193 5592 tect.
1221 5539 1266 5590 bb.
1284 5551 1323 5599 ut,
1336 5553 1361 5591 c.
1386 5536 1421 5601 δ.
1435 5553 1530 5593 uticem
1554 5540 1808 5611 antiochenorum,

998 5606 1058 5661 loen
1072 5606 1287 5670 Occidentalitan,
1304 5607 1434 5664 substitui
1448 5610 1522 5677 uult;
1538 5627 1590 5664 iton
1606 5610 1737 5680 Barcini,
1752 5618 1809 5688 qni

997 5679 1032 5734 ad
1044 5693 1108 5734 ann.
1124 5679 1174 5734 adl
1192 5679 1298 5736 llatuasi
1312 5680 1453 5750 epistolam
1468 5682 1502 5736 ad
1518 5680 1660 5738 Paulinum
1679 5685 1720 5740 ibi
1740 5688 1805 5745 lau·

997 5746 1089 5807 datam
1104 5759 1213 5818 eenset;
1238 5765 1292 5808 non
1316 5750 1390 5809 Petri
1410 5751 1508 5810 Μοεοοο
1520 5752 1636 5811 tihtde
1652 5753 1804 5823 Concord.
