3900 6134
142 325 192 387 tot
636 310 1305 391 mnsmusraseutlantunsnurouas.
1743 326 1796 399 toa

140 442 214 507 btts,
230 441 337 499 atrocia
346 450 487 500 exercent.
504 442 538 501 lit
559 444 605 516 qui
622 445 684 502 duis
710 448 781 513 erit,
795 448 818 503 ιι
847 456 943 502 cuncta
957 445 984 511 Α
997 446 1084 515 ipsum
1100 448 1187 502 altare
1202 448 1248 502 bei
1262 446 1404 506 securibus
1424 447 1580 517 dissiparet,
1598 462 1660 506 cunr
1680 447 1796 507 lturrore

140 533 317 603 referamus,
332 551 391 607 quse
404 537 503 606 singuli
529 539 629 610 quique
645 540 764 595 lidelium
788 541 860 610 passi
881 549 946 596 sunt
999 541 1081 595 totius
1094 541 1213 597 ciuitatis
1224 550 1251 595 et
1263 544 1381 611 gemitu,
1395 541 1467 610 quod
1489 542 1533 596 illa
1548 541 1669 598 Ecclesia
1685 553 1797 598 everte-

143 636 230 697 atque
253 629 409 698 patiunturl
434 629 525 687 Unum
551 640 640 687 tamen
654 642 734 688 atrox
749 633 947 704 persecutionis
998 645 1083 702 retur,
1095 633 1559 704 cujnsepiscopumetiamdtrerse
1575 634 1796 705 partisbonriues

144 719 254 779 lacinus
278 721 312 776 ad
338 722 531 790 compendium
551 723 725 781 reiciendum
748 737 810 791 est,
826 727 897 799 quod
919 727 947 783 ia
999 739 1081 783 rectae
1093 739 1121 782 et
1140 728 1251 782 illibatm
1271 727 1336 782 lidei
1354 714 1529 782 cantitentur.

147 811 265 885 la'ggpto
277 812 351 883 apud
365 812 551 886 Oxyrlncbum
562 819 739 873 commissum
751 820 948 874 estsubtotios
1037 819 1143 875 Xlillll.
1165 820 1324 880 Advertite.
1341 834 1507 890 quaesumus,
1525 817 1639 890 piissimi
1650 818 1798 888 imperato-

148 907 304 963 testimonio
325 908 454 967 civitatis.
480 908 562 968 Certa
590 929 652 984 pars
674 924 716 970 est
737 915 809 985 apud
831 914 948 987 oxyrin·
998 925 1044 966 res
1058 920 1179 966 ctreetac
1192 911 1254 966 [idei
1268 911 1400 978 vindices,
1416 911 1546 981 nuruiquid
1562 926 1613 981 pro
1631 920 1685 967 ιιιιιι
1707 911 1799 982 inipiis

146 1001 227 1057 cbum
246 1012 350 1059 sanctas
365 1005 472 1075 plebis,
494 1008 521 1064 in
545 1009 623 1080 cnjus
645 1025 725 1067 sacro
740 1027 854 1068 „ummo
867 1012 949 1081 prm-t.
999 1004 1136 1074 episcopis
1150 994 1238 1060 cilicta
1253 1005 1415 1075 proponitis,
1430 1013 1460 1058 ut
1472 1003 1501 1058 lvi
1512 1003 1679 1076 affligantur,
1701 1004 1746 1073 qui
1762 1002 1798 1059 ob

144 1110 215 1165 qtae,
231 1106 335 1166 quanto
359 1099 490 1156 latentius
512 1101 546 1157 ad
571 1118 615 1158 ms
635 1103 743 1160 divinas
763 1105 881 1161 squatum
901 1120 949 1163 qq.
999 1099 1126 1154 inreritum
1142 1097 1204 1154 ltdei
1220 1099 1521 1162 etsanctissimtevitae,
1546 1096 1647 1152 nivindo
1663 1096 1722 1166 ipso
1738 1111 1824 1179 pre-¹

145 1202 240 1245 maure
252 1201 413 1259 posuerunt,
427 1202 503 1249 tanto
512 1195 657 1251 sollicitius
667 1197 857 1268 diligentiusve
868 1197 948 1253 fldem
1002 1192 1127 1247 tiosioras
1139 1201 1203 1246 sunt
1215 1191 1227 1246 l
1240 1188 1360 1256 Credite,
1383 1191 1581 1260 religiosissimi
1609 1190 1798 1258 imperatores,

145 1281 312 1339 catholicam
340 1285 534 1344 inviolabiliter
557 1303 668 1345 servare
694 1289 865 1346 contendunt
891 1292 949 1346 :im
999 1282 1110 1337 beatum
1123 1283 1389 1338 llernclidamunum
1405 1283 1514 1338 essedc
1535 1283 1582 1337 illo
1602 1299 1716 1342 numero
1737 1298 1801 1339 san-

147 1384 224 1431 tatae
252 1376 331 1433 trullis
350 1377 503 1445 luseretieis,
532 1381 670 1453 nullisque
694 1385 950 1453 prevaricatoribus
1000 1386 1117 1438 storum.
1131 1378 1166 1434 de
1180 1379 1278 1447 quibus
1294 1376 1376 1432 relert
1390 1375 1528 1447 Scriptura
1549 1377 1655 1436 divina,
1684 1377 1799 1433 dicens:

149 1482 202 1538 per
224 1468 314 1525 divina
327 1473 522 1529 commisceant
546 1485 727 1532 sacramenta,
752 1478 794 1534 gd
819 1478 889 1534 tnnc
902 1479 951 1534 οι).
1002 1466 1165 1522 Circulerttnt
1179 1469 1205 1522 ιιι
1218 1469 1319 1523 melotis
1332 1480 1354 1523 et
1370 1469 1397 1523 ιε
1407 1467 1521 1537 roprinis
1536 1470 1659 1539 pellibtta,
1683 1470 1802 1542 indigen·

148 1562 316 1617 servantiam
340 1563 466 1634 plerique
495 1582 592 1623 eorum
618 1570 718 1626 eruditi
741 1579 805 1625 suut
825 1573 951 1642 exempto
1001 1569 1050 1625 ter,
1063 1561 1089 1613 iu
1104 1559 1311 1615 tribulationibus
1325 1569 1348 1615 et
1361 1560 1493 1615 dolendos
1504 1561 1611 1632 afflicti,
1624 1577 1734 1630 quorum
1747 1577 1801 1616 nou

147 1656 317 1711 etmunitu¹
344 1657 416 1715 beari
431 1659 529 1728 Penii,
550 1663 597 1733 qni
623 1663 719 1719 iisdem
746 1664 796 1720 sqq
820 1667 951 1737 tempori.
1001 1664 1057 1711 erm
1071 1656 1165 1726 diguus
1179 1655 1289 1710 nonum
1304 1653 1400 1727 (rtet,
1421 1671 1459 1719 ιι,
1482 1654 1540 1723 di).
1563 1655 1705 1723 Quomodo
1729 1657 1801 1711 enim

146 1746 199 1804 hus
216 1749 316 1819 quibus
336 1761 363 1806 et
377 1750 576 1812 lamosissirnus
591 1756 636 1812 ille
659 1758 813 1822 Antonius,
830 1775 883 1814 non
899 1760 951 1814 mi·
1003 1753 1100 1808 beatus
1115 1753 1256 1808 llcraclida
1274 1766 1326 1807 non
1354 1753 1416 1808 talis
1442 1761 1495 1814 est,
1510 1752 1556 1822 qui
1577 1752 1666 1807 tinnula
1689 1751 1804 1807 scruta·

148 1842 211 1898 nori
224 1843 278 1898 vita
302 1860 389 1915 neque
408 1846 517 1912 studio,
534 1863 621 1919 neque
643 1850 735 1905 divina
749 1851 853 1922 gretia,
868 1866 948 1922 quam
962 1839 1041 1902 Bria
1057 1860 1189 1916 respuens
1203 1844 1412 1907 oblectamenta.
1439 1858 1487 1913 per
1507 1844 1580 1913 ipsas
1608 1842 1804 1898 amaritudines

147 1933 201 1991 tois
224 1948 337 1993 sanetus
367 1940 512 1996 auronius.
541 1941 621 1997 Novit
646 1943 697 1997 boc
719 1954 747 1999 et
770 1945 827 2013 ipsa
857 1944 953 1999 civitas
1005 1939 1171 2009 coitlragosac
1186 1938 1248 1993 vita
1264 1938 1352 2005 istius,
1368 1936 1499 1992 aenrulans
1514 1933 1652 1992 dominica
1678 1935 1802 2004 vestigia,

148 2025 340 2098 Osgrinclnas,
364 2046 426 2099 quae
451 2031 585 2102 hodieque
611 2044 733 2091 sanctam
759 2035 834 2090 Pauli
850 2050 954 2091 merno-
1005 2033 1094 2088 nudus
1108 2032 1303 2102 expeditusque
1319 2032 1449 2086 virtutum
1465 2031 1518 2084 iter
1531 2029 1651 2084 salutare
1666 2037 1802 2094 sectatum

146 2118 221 2174 riam
234 2118 404 2179 devotissime
421 2124 555 2180 celebrat.
583 2127 592 2157 ¹
617 2126 720 2182 Sedet
742 2127 799 2197 ipsa
814 2143 877 2196 pars
897 2128 954 2197 ple·
1004 2126 1164 2197 quisiepro
1187 2126 1289 2181 divinae
1311 2139 1405 2179 eruore
1428 2123 1490 2178 bdci
1511 2124 1659 2191 conspirat.
1684 2122 1755 2176 sicut
1776 2131 1806 2177 et

148 2208 214 2276 bis,
236 2213 280 2268 ubi
309 2213 376 2270 vidit
403 2216 560 2287 episcopum
591 2219 662 2275 illius
686 2220 821 2286 civitatis,
842 2222 953 2277 nomine
1004 2219 1245 2288 sarrctoslegimus
1271 2215 1553 2286 conspirassentbtt
1575 2214 1679 2271 babens
1696 2214 1732 2271 de
1751 2230 1804 2270 sae·

148 2301 338 2372 Theodorum,
357 2309 383 2363 in
405 2309 514 2380 impiam
529 2313 780 2382 prevaricationem
797 2313 882 2371 luisse
897 2315 952 2368 col·
1004 2313 1170 2382 corioquam
1188 2328 1236 2382 pro
1252 2311 1304 2366 lide
1318 2309 1507 2367 trilmlaticncs
1520 2319 1547 2366 et
1562 2309 1682 2374 dolores,
1710 2308 1749 2364 sic
1763 2309 1806 2363 vi·

145 2395 275 2467 lapsum,
299 2400 336 2455 ita
361 2402 561 2458 utnonsolum
583 2403 660 2461 [idem
677 2406 808 2476 integram
825 2408 953 2463 condem·
1006 2404 1293 2470 vens,sieiucedens,
1320 2391 1402 2458 siculi
1421 2411 1449 2458 et
1469 2402 1506 2458 illi
1535 2401 1621 2458 salicti
1647 2400 1681 2457 de
1710 2400 1807 2470 quibus

145 2501 248 2559 naret,
280 2508 370 2564 neque
403 2505 433 2552 ut
455 2497 647 2554 ¹tautummodo
683 2501 764 2570 impie
798 2502 952 2556 subscribe·
1004 2510 1086 2565 supra
1103 2494 1493 2564 positumesttestimouium?
1513 2493 1806 2563 lleritoergoetbca·

146 2594 207 2649 ret,
223 2583 234 2615 ³
250 2585 299 2640 sed
315 2596 345 2640 ut
364 2587 461 2642 laicum
480 2604 511 2644 se
534 2590 592 2645 lieri
613 2591 647 2645 ab
668 2590 750 2662 impio
767 2591 884 2663 Georgio
903 2609 952 2662 pa·
993 2599 1049 2644 ¹tus
1063 2590 1223 2660 Gregorius,
1247 2590 1396 2660 caeterique
1409 2589 1497 2644 salicti
1509 2588 1641 2658 episcopi,
1660 2586 1807 2643 satrctimo·

148 2685 263 2742 teretur,
280 2687 308 2733 et
328 2677 419 2734 dertuo
433 2679 540 2750 abipso
556 2682 684 2738 heretico
697 2685 856 2754 episcopum
872 2687 946 2741 ordi·
1005 2683 1059 2736 uim
1082 2682 1160 2738 istius
1188 2681 1336 2737 reiterabili
1362 2679 1513 2747 corisortio,
1543 2681 1569 2734 in
1597 2680 1675 2736 natis
1699 2678 1807 2735 albictce

147 2766 220 2835 nari,
231 2779 374 2824 exsecrata
385 2781 426 2826 cst
436 2770 849 2843 citracommuniooem,liabens
859 2792 952 2834 seeum
1005 2772 1148 2837 Ecclesia,
1166 2773 1240 2828 velut
1263 2772 1363 2828 divinis
1375 2771 1481 2827 solatiis
1495 2773 1662 2827 relevantur.
1677 2771 1738 2829 llon
1762 2786 1808 2829 su·

150 2859 327 2930 presbyteros
339 2868 368 2917 et
380 2862 511 2920 diaconos
524 2865 597 2922 illius
612 2867 724 2924 illibatae
738 2869 810 2936 stdei,
825 2886 874 2941 per
884 2887 953 2941 quos
1005 2867 1062 2922 lum
1077 2877 1168 2922 autem
1180 2866 1206 2922 iu
1221 2877 1274 2922 tarn
1288 2866 1472 2922 venerabilem
1487 2867 1645 2937 episcopum
1667 2875 1807 2936 grassatus

150 2949 162 2980 ⁸
176 2950 318 3007 fruebatur
332 2952 435 3011 divinis
454 2959 643 3024 sacramentis,
668 2975 720 3027 uita
733 2975 794 3016 curn
811 2976 953 3033 superare·
1005 2969 1049 3016 est
1061 2959 1288 3027 Tbeodorus,sed
1304 2970 1331 3015 et
1342 2960 1369 3015 iu
1384 2960 1471 3029 ipsam
1487 2961 1685 3016 sanctissimam
1699 2959 1807 3032 plebem

150 3061 259 3105 monto
273 3050 433 3107 beatissimo
448 3051 543 3108 Paulo.
568 3054 622 3111 Sed
637 3067 729 3125 postea
743 3045 826 3113 etiarn
847 3061 953 3128 episco-
1005 3058 1077 3128 cius,
1093 3073 1154 3128 quac
1173 3071 1224 3127 pro
1239 3057 1418 3112 sincerissimi
1440 3065 1467 3110 et
1485 3055 1636 3111 lidellssimi
1658 3053 1810 3113 sacerdotia

151 3155 217 3212 puin
235 3141 287 3197 sibi
303 3158 352 3214 per
365 3153 433 3200 tanc
445 3149 576 3216 temporis
591 3151 736 3218 episcopos
746 3150 895 3206 catholicos
907 3168 952 3206 nr·
1006 3149 1130 3205 doctriua
1146 3160 1173 3204 et
1189 3148 1309 3204 tttoribtts
1321 3147 1446 3203 instituta
1460 3158 1514 3204 est.
1530 3148 1563 3203 Et
1577 3148 1686 3217 longum
1701 3158 1743 3203 est
1763 3162 1806 3203 re·

150 3232 272 3301 dinavit,
283 3244 408 3292 sanetum
419 3237 603 3304 Heraclidam,
619 3251 693 3297 tanto
704 3243 789 3312 rrtagis
802 3244 948 3308 idoneum,
963 3230 988 3295 C
1005 3242 1081 3306 locri.
1096 3251 1265 3312 quocontra
1282 3242 1415 3313 pudorem
1440 3239 1644 3312 propositumve
1667 3254 1806 3295 sacrarum

151 3333 254 3395 quanto
268 3338 297 3383 et
311 3330 415 3385 tirmius
424 3342 519 3387 eontra
532 3331 676 3388 haereticos
689 3344 717 3389 et
729 3335 953 3403 prevaricatores
1006 3336 1141 3405 virginum
1156 3335 1266 3391 molitus
1280 3345 1332 3402 est,
1343 3350 1457 3405 quarum
1474 3332 1638 3388 rrronasteria
1651 3331 1808 3404 promerito

150 3417 247 3476 debuit
259 3419 390 3489 ordinavi,
407 3423 454 3493 qui
476 3432 505 3479 et
524 3422 553 3480 in
581 3424 635 3480 vita
651 3435 725 3482 esset
742 3427 919 3496 perspicuus,
936 3441 952 3483 a
1006 3428 1193 3482 sanctimonie
1215 3441 1308 3481 earnm
1329 3426 1425 3482 civitas
1448 3427 1506 3494 ipsa
1521 3437 1679 3482 reiteratur.
1707 3425 1808 3483 Sedet

150 3513 238 3584 prima
253 3525 336 3571 aetate
349 3516 404 3572 lleo
416 3517 583 3584 deserviens,
598 3520 763 3588 coutetnptis
777 3519 855 3575 burnis
867 3534 954 3575 saecu·
1006 3522 1082 3592 ipsos
1092 3535 1189 3576 servos
1204 3520 1251 3575 bei
1262 3520 1407 3590 aliquoties
1417 3520 1556 3577 atrocibus
1570 3517 1668 3575 aldirit
1690 3518 1807 3587 iniuriis,

148 3607 264 3673 laribus,
286 3617 315 3664 et
334 3609 361 3665 in
384 3609 447 3677 lide,
469 3619 497 3666 et
517 3610 786 3682 doetrinaperlectus
804 3612 951 3669 exsistens.
1008 3629 1075 3684 quos
1088 3615 1176 3683 ningis
1191 3611 1354 3682 probaverat
1367 3612 1530 3667 sanctiores.
1544 3611 1598 3667 Sed
1615 3611 1679 3680 quid
1695 3612 1808 3676 invirum,

150 3696 230 3755 liade
240 3706 269 3756 et
280 3715 330 3771 pro
343 3700 491 3771 apostolica
507 3701 571 3771 lide,
595 3712 623 3759 et
638 3719 687 3773 pro
699 3704 822 3760 doctriua
837 3720 955 3775 evauge-
1008 3706 1032 3760 si
1045 3720 1110 3760 oves
1122 3716 1150 3759 ιιι
1166 3705 1246 3774 lupus
1261 3702 1404 3773 affligeret,
1420 3718 1534 3773 quarum
1555 3702 1655 3757 bonum
1670 3711 1808 3774 pastorem

150 3789 220 3856 lica,
236 3806 288 3861 pro
308 3795 518 3850 couimaatione
540 3797 644 3851 coelesti
667 3795 739 3867 apud
762 3805 875 3853 cunctos
899 3799 955 3855 illie
1007 3795 1296 3869 frequenteratbigit?

150 3885 319 3944 venerahilis
333 3898 388 3955 est,
404 3890 473 3945 solis
487 3891 675 3947 tautummodo
689 3893 826 3949 lvaercticis
840 3904 867 3948 et
883 3907 956 3962 prae·
1049 3888 1171 3949 xxt'ltt.
1184 3889 1254 3945 Ecce
1266 3886 1312 3959 qul
1326 3885 1377 3943 sub
1391 3886 1467 3944 vobis
1480 3885 1532 3956 piis
1547 3884 1768 3955 imperatoribus,
1783 3894 1812 3943 et

149 3980 349 4036 raricamribus
361 3981 521 4052 displicens.
537 3983 615 4040 Unde
640 3995 668 4039 et
688 3985 745 4040 Deo
757 3986 844 4056 magis
866 3986 955 4056 placet
1009 4003 1059 4058 pro
1072 3985 1125 4041 lide
1142 3984 1276 4040 catholica
1297 3981 1479 4048 venientibus,
1493 3982 1576 4050 jactat
1589 3995 1620 4036 sc
1643 3994 1704 4036 esse
1718 3978 1812 4036 catho-

151 4084 217 4128 cum
235 4071 332 4126 talibus
345 4072 482 4144 displicet.
495 4075 548 4131 Sed
565 4075 610 4131 bic
626 4085 717 4132 tantos
729 4092 762 4134 ac
777 4079 839 4133 talis
855 4080 891 4136 ita
904 4093 955 4136 cte·
1008 4080 1105 4144 lictant,
1121 4087 1248 4135 evertens
1261 4074 1411 4131 Ecclesiam
1422 4074 1631 4138 catholicorum,
1643 4087 1812 4143 persequens

152 4163 195 4235 pit
210 4179 340 4222 exercere
352 4168 531 4238 pontilicium,
549 4181 578 4225 ut
596 4171 630 4226 ad
651 4172 807 4242 opinionem
822 4172 956 4242 lideicjos
1009 4172 1159 4229 catltolicos
1181 4169 1339 4227 sacerdotes
1359 4176 1387 4223 ct
1404 4180 1499 4222 servos
1514 4165 1628 4231 Christi,
1653 4180 1760 4223 necrmn
1784 4174 1813 4222 ct

152 4265 183 4312 et
193 4256 339 4326 doetrinae,
352 4253 526 4330 atqueipsius
538 4260 718 4318 sanctissimae
728 4265 955 4330 conversationis,
1010 4279 1104 4322 sacras
1116 4265 1175 4334 ejus
1201 4263 1318 4334 virgines
1332 4262 1415 4332 impie
1438 4257 1573 4332 aldigeus.
1599 4259 1650 4315 llic
1664 4271 1707 4315 est
1729 4274 1810 4330 egre·

153 4350 278 4422 plerique
289 4352 372 4407 etiam
383 4352 417 4408 de
429 4353 593 4424 longissimis
607 4354 764 4424 regionibus
784 4355 956 4422 advenirent,
1009 4357 1070 4427 gius
1081 4366 1109 4412 et
1120 4356 1309 4412 assuetissimus
1325 4354 1372 4409 ille
1385 4352 1541 4424 episcopus,
1568 4351 1614 4424 qui
1628 4366 1690 4406 cum
1715 4352 1814 4407 luisset

154 4457 332 4519 exsecrantes
355 4446 485 4503 uelariam
508 4448 749 4518 praevaricatorum
772 4451 956 4517 societatem,
1010 4451 1129 4523 primum
1149 4448 1320 4505 acatholicis
1334 4447 1470 4517 episcopis
1488 4445 1629 4502 ordinatus
1654 4445 1811 4514 episcopus,

156 4538 272 4608 eiusque
284 4549 486 4597 sacrosanctum
506 4543 675 4598 eornsortlum
688 4543 885 4599 desiderantes.
903 4542 957 4600 Sed
1013 4555 1108 4615 postea
1121 4543 1155 4598 ab
1169 4541 1380 4613 impioGeorgio
1400 4541 1427 4595 in
1449 4540 1579 4594 laicorum
1598 4553 1741 4593 numeratu
1766 4553 1812 4592 re·

156 4626 207 4684 ille
221 4630 346 4702 egregius
360 4631 402 4689 bis
423 4634 570 4704 episcopus
585 4634 636 4690 boe
652 4650 705 4689 nou
722 4637 836 4705 patitur.
855 4635 889 4690 Et
904 4636 959 4705 pri·
972 4621 999 4684 Ι)
1011 4640 1118 4705 deictus,
1131 4635 1307 4693 nibilominus
1320 4637 1354 4689 ab
1367 4635 1427 4706 ipso
1437 4633 1554 4704 Georgia
1568 4632 1714 4702 episcopus
1739 4629 1814 4686 ordi·

156 4737 234 4778 mum
249 4723 358 4793 quidem
382 4735 528 4796 veratpcr
543 4727 665 4797 publicas
683 4738 852 4800 potestates:
869 4733 906 4785 ita
929 4738 960 4787 ut
1011 4745 1090 4789 natus
1109 4741 1161 4798 est,
1175 4732 1201 4786 iu
1216 4731 1359 4786 vexatione
1374 4728 1495 4784 bdelium
1508 4744 1516 4782 a
1531 4724 1634 4782 sedens
1649 4732 1677 4781 et
1687 4739 1812 4780 commu·

157 4811 302 4884 aliquoties
311 4816 400 4872 solum
411 4817 576 4889 intempesta
588 4830 666 4876 ttoete
677 4833 784 4891 raptum
794 4838 840 4892 per
851 4824 960 4879 lancea·
1011 4828 1108 4883 nicans
1122 4827 1148 4880 iu
1163 4840 1215 4881 una
1227 4823 1378 4894 cadentque
1390 4821 1501 4878 civitate
1516 4835 1578 4877 cnm
1592 4817 1737 4892 Apollonio
1746 4888 1749 4899 .
1758 4817 1814 4874 ble-

158 4905 343 4964 riosdeurbe
362 4911 516 4968 sustulerit.
538 4911 591 4970 Sed
611 4929 673 4969 cum
692 4915 796 4970 eedem
811 4926 959 4985 potestates
1012 4919 1176 4975 letiauorum
1202 4919 1356 4988 episeopo,
1398 4914 1582 4971 consentienti
1628 4911 1814 4982 impietatibus

159 5017 214 5058 non
227 5003 255 5059 ia
274 5003 326 5060 boc
341 5018 515 5076 perseverant
529 5008 555 5062 in
572 5024 625 5078 quo
640 5011 783 5065 temerarie
798 5019 956 5081 coeperant:
1014 5012 1137 5083 Georgii,
1151 5021 1180 5068 et
1199 5026 1260 5066 cuni
1274 5012 1333 5081 ipso
1347 5011 1410 5066 item
1432 5009 1578 5081 Apollonio
1601 5008 1671 5064 idem
1687 5004 1812 5061 Tbeodo·

160 5095 232 5165 quod
246 5099 319 5153 enim
328 5098 374 5168 jus
385 5097 486 5156 babere
500 5110 625 5171 poterant
637 5112 730 5159 murtro
744 5103 901 5177 episcopum
913 5120 960 5161 ea·
1015 5121 1063 5162 rus
1077 5119 1242 5174 persequens
1261 5103 1368 5158 beatum
1393 5101 1580 5169 lleraclidam,
1596 5099 1738 5156 catholicae
1751 5095 1812 5153 lldei

160 5188 314 5246 tholieumi
328 5192 439 5248 undeet
453 5197 576 5250 meritoa
589 5207 678 5266 coepta
690 5197 879 5267 persecutione
898 5214 961 5255 ces-
1015 5196 1161 5253 vindicem.
1185 5197 1255 5253 Ecce
1277 5195 1321 5252 cui
1345 5195 1421 5267 quasi
1445 5193 1579 5249 catholica
1604 5190 1715 5245 basilica
1742 5201 1815 5245 nutis

159 5291 265 5348 mrutvt,
290 5286 409 5341 manime
422 5301 492 5341 unas
513 5302 548 5343 ex
568 5287 635 5358 ipsis
654 5290 739 5345 etiarn
765 5290 858 5350 diviua
879 5292 960 5363 plaga
1016 5292 1115 5348 tradita
1131 5300 1173 5348 est
1182 5289 1319 5362 Apollonii
1331 5306 1363 5346 ex
1376 5288 1510 5361 generalis
1521 5284 1604 5341 edicti
1622 5280 1704 5336 vestri
1718 5291 1815 5338 aucto·

160 5375 328 5432 admonitus.
351 5377 428 5435 Titne
443 5381 568 5451 egregius
586 5382 638 5438 iste
661 5383 704 5438 bis
725 5385 869 5454 episcopus
883 5426 889 5446 ,
902 5383 958 5454 ιειιι
1016 5387 1115 5442 ritate:
1132 5401 1193 5441 curu
1206 5364 1297 5456 utique
1309 5384 1380 5439 idem
1394 5382 1563 5441 Theodorus,
1576 5376 1622 5448 qui
1634 5374 1711 5447 quasi
1722 5375 1817 5431 catbo·

161 5470 279 5541 propriis
291 5470 396 5529 riribm
404 5473 512 5540 sititor,
530 5485 559 5530 et
573 5475 657 5530 mittit
669 5474 774 5530 turbam
797 5476 960 5532 clericorum
1016 5478 1085 5534 licus
1100 5473 1370 5544 ltaereticidpollouii
1390 5471 1530 5530 basilicam
1550 5467 1668 5540 aceepit,
1691 5465 1817 5525 similiter

159 5561 199 5620 ed
219 5563 366 5622 ecelesiam
388 5565 462 5623 beati
491 5566 643 5624 ιιειεειιιιιε
668 5568 794 5625 catholici
820 5571 958 5641 episcopi,
1016 5571 1099 5642 impie
1113 5569 1207 5642 gessit,
1220 5575 1251 5622 ut
1262 5568 1347 5639 gessit
1362 5563 1649 5637 etdpolloniusznisi
1662 5563 1724 5635 quia
1738 5571 1816 5619 atro·
1864 5582 1867 5588 ·

160 5667 278 5728 unaque
293 5657 401 5726 evodi,
416 5657 559 5719 destruens
572 5659 693 5732 audique
717 5659 837 5732 parietes
852 5678 859 5718 :
876 5662 912 5719 ita
928 5671 963 5720 ιιι
1016 5667 1076 5723 cius
1087 5662 1173 5737 gessit
1184 5660 1359 5729 Tlieodorm,
1368 5674 1431 5720 suat
1445 5658 1480 5719 de
1493 5658 1624 5734 episeopo
1637 5655 1772 5717 catbolieo
1788 5657 1818 5714 lit

201 5770 210 5801 ¹
227 5770 278 5828 Hs.
292 5770 439 5830 animos
453 5772 544 5833 aaut.
635 5847 642 5858 ι
1056 5780 1068 5812 ⁸
1082 5778 1135 5834 ils.
1151 5777 1204 5834 Sed
1219 5787 1248 5832 ut
1262 5777 1337 5835 etiosa
1346 5777 1450 5837 isicem.
1596 5789 1603 5802 ’

200 5841 275 5902 ¹1⁸.
292 5842 348 5903 Sed
362 5843 560 5920 missaper
574 5844 666 5919 plriu.
1056 5848 1134 5907 ἰὴ.
1150 5847 1404 5910 Foeelotordiviriv
1417 5851 1596 5933 maerentis.
