3900 6134
181 241 235 298 alt
770 237 925 298 SANCTUS
945 232 1105 295 uautsbs
1122 237 1223 293 PAPA.
1779 230 1832 287 utu

181 356 323 411 conisterio
335 355 430 410 delicti
444 354 565 426 sepultus
578 353 686 409 dicitur.
704 352 785 409 lides
800 354 889 424 itaque
898 359 979 425 qnam
992 357 1017 420 ,t
1032 350 1162 406 intererat
1186 349 1214 405 in
1238 348 1361 404 absentia
1385 344 1499 402 ilomaiii
1518 345 1641 418 episcopi
1660 340 1764 401 laclltus
1783 359 1831 417 aq-

184 452 242 509 liac
254 453 352 510 similia
367 450 422 508 sint
436 453 506 508 inter
520 465 561 518 se,
576 460 655 521 atque
669 451 732 507 biiic
745 449 884 522 intelligis,
900 448 981 521 qualb
1032 443 1127 516 gredi,
1151 451 1191 498 ne
1207 441 1242 498 ab
1262 457 1297 498 eo
1315 441 1521 513 impedirentur,
1542 441 1689 512 qaoniinns
1707 452 1749 495 res
1768 451 1831 495 suas

182 545 262 603 facile
281 545 338 600 lieri
351 547 446 616 possit,
462 547 641 616 utinipostor,
653 545 697 613 qui
711 539 881 615 sequioribus
900 552 928 600 et
940 553 982 600 te·
1032 537 1138 594 laellins
1157 548 1286 609 agerent,
1306 551 1338 591 ac
1357 549 1412 608 qno
1434 537 1533 591 vellent
1559 535 1750 604 perducerent.
1774 531 1830 593 llli'c

183 644 327 699 oeoiarooi
343 642 429 711 plenis
442 641 624 698 saeottsecia
636 641 679 696 itta
695 640 813 711 scripsit,
823 655 855 695 er
865 639 982 696 eusebia
1032 645 1083 701 eso
1099 645 1151 684 ¹¹⁰¹·
1167 631 1251 700 ocgo,
1266 631 1330 700 uitii
1348 627 1404 685 ieri
1420 629 1538 696 pernam
1549 644 1556 680 t
1568 638 1595 683 ai
1609 629 1630 682 si
1647 627 1705 682 bac
1716 641 1780 682 reru
1792 635 1833 683 εει

184 752 262 808 papa,
275 736 353 807 cuius
364 737 483 807 alloquin
494 747 569 808 qesta
581 736 627 791 diu
642 736 667 791 io
679 733 921 807 obscurolacuisse
931 734 983 791 sci-

183 844 253 898 iniis,
276 829 421 885 Eusebium
444 831 630 901 presbyterum
644 827 780 894 effecerit,
795 842 826 882 ac
843 828 920 884 nobis
933 821 980 882 ob·

185 923 294 980 truserit
316 921 366 994 (a).
389 925 461 978 Sane
483 923 628 992 Gregorius
653 923 752 984 liunus,
772 921 817 991 qul
834 920 982 976 Ecclesiam

184 1016 269 1072 sancti
294 1014 402 1070 Eusebii
424 1015 603 1081 consecrarit,
625 1014 735 1069 minime
757 1027 807 1068 iios
828 1012 934 1081 edocet,
948 1027 983 1067 an

185 1107 232 1162 ille
246 1109 449 1178 episcopus,'an
465 1107 604 1180 presbyter
620 1106 701 1161 luerit
714 1106 763 1177 (t),
784 1122 816 1161 er
843 1122 896 1176 quo
915 1119 983 1162 con·

182 1202 229 1273 jici
241 1211 342 1274 potest,
357 1202 423 1257 nibil
438 1201 515 1257 illum
529 1201 656 1257 babuisse
668 1212 783 1266 certum,¹
800 1199 985 1270 exploratum·

185 1312 249 1368 que,
263 1311 294 1353 ac
306 1311 363 1352 tem
379 1298 405 1350 in
419 1295 488 1350 rado
501 1296 583 1350 etiam
599 1303 653 1349 tum
668 1294 789 1359 laesisse,
802 1308 861 1363 quae
873 1293 924 1347 boc
933 1306 984 1348 sae·

187 1390 251 1446 colo
274 1389 428 1446 bamasiani
449 1389 578 1446 carnrinis
593 1386 724 1444 benebcio
747 1388 833 1443 lucem
847 1387 985 1458 accepisse

186 1485 243 1540 risa
259 1493 311 1541 est.

186 1619 199 1686 A
215 1619 245 1671 Χ.
256 1648 285 1658 -
297 1607 433 1685 inquiritur
444 1631 518 1682 quem
534 1630 596 1682 ergo
608 1630 666 1668 sese
687 1629 776 1667 revera
796 1614 910 1666 Liberius
921 1627 986 1679 prae-

217 1684 309 1742 buerit,
323 1689 449 1747 postquam
461 1694 578 1732 reversus
594 1680 624 1730 ad
640 1678 726 1729 sedem
738 1680 785 1738 e'sl,
806 1691 834 1728 ac
854 1679 984 1740 deinceps,

217 1748 313 1798 concilii
327 1745 422 1795 scilieet
432 1745 595 1794 Ariminensis
608 1742 736 1805 ternpore?
748 1741 786 1790 An
794 1754 823 1790 se
834 1741 866 1790 ab
877 1739 986 1789 Alliaria-

218 1808 247 1858 sii
257 1809 428 1857 communione
438 1819 526 1855 revera
537 1819 643 1918 nirrbnam
654 1805 816 1860 subtraxerit,
824 1802 863 1852 viel
871 1802 987 1865 quamdiu

220 1883 249 1920 ca
262 1871 409 1932 interruptio
419 1868 563 1918 duraverit?
600 1880 613 1917 e
627 1873 738 1924 tenuiore
750 1867 846 1928 scriptae
858 1866 889 1914 ab
899 1864 987 1913 etalem

220 1933 354 1985 Athanasio
362 1930 508 1992 epistulaead
519 1933 647 1994 episcopus
654 1926 765 1991 AEprppti;
778 1941 833 1991 qnae
844 1927 987 1977 iliustretur.

219 1990 306 2045 Hilarii
318 1993 388 2043 locus
400 2007 431 2042 cx
444 1991 588 2064 iragmeiitis
601 2005 644 2055 pro
660 1989 769 2050 Liberio,
789 1984 937 2052 explicatur.
949 1986 988 2038 De

220 2060 309 2107 iterato
322 2057 414 2105 Lilierii
426 2057 457 2104 ab
468 2055 536 2104 brbe
549 2067 661 2116 recessu,
674 2053 807 2104 Constantii
818 2057 884 2102 metu
898 2065 904 2100 :
919 2050 989 2100 lticl-

219 2118 266 2170 ieri
280 2119 348 2167 locus
360 2117 470 2179 affertur,
484 2126 510 2168 et
521 2116 664 2167 illustratur.
677 2116 819 2179 Auoriymus
836 2112 989 2165 Aursteloda·

219 2178 312 2231 l'uetisis
323 2187 431 2230 notatur.

225 2291 343 2349 Fabellis
363 2293 444 2369 igitur
463 2288 496 2345 ad
516 2305 651 2361 eosquos
671 2289 725 2344 illae
744 2289 881 2345 delectant
898 2303 991 2344 aman·

190 2383 279 2449 dalis,
298 2383 354 2455 jam
384 2383 524 2438 rideamus
544 2381 606 2454 quid
627 2382 751 2438 Liberius
777 2383 880 2451 egerit,
896 2395 992 2450 quarte

189 2478 271 2533 liierit
287 2478 321 2532 de
336 2491 369 2532 eo
384 2475 493 2547 opinio,
511 2484 651 2547 postquam
673 2455 747 2530 Felix
766 2473 870 2544 eiectus
884 2482 943 2540 εει,
959 2488 991 2530 ac

191 2569 398 2642 pontificatum,
421 2586 501 2641 qneiii
524 2570 616 2638 aliquo
640 2570 708 2624 sorte
732 2580 853 2639 tempore
871 2568 993 2639 legitime

192 2663 446 2728 administraverat,
472 2673 567 2733 sponte
593 2661 730 2719 dimittere
758 2664 830 2717 visus
856 2672 907 2719 εει.
935 2662 993 2717 llno

191 2771 256 2811 vern
271 2766 392 2822 teiiipnra
407 2756 604 2813 consideranda
619 2765 683 2810 saint
698 2773 705 2810 :
731 2755 846 2811 alterum
866 2753 938 2826 quod
959 2754 993 2810 ab

192 2849 253 2919 cjns
270 2846 358 2903 reditu
373 2847 405 2902 arl
427 2847 627 2904 Ariminensem
647 2847 779 2920 synodum
800 2849 939 2913 cacurrit;
955 2847 995 2901 ai·

192 2951 300 3006 terum,
317 2941 390 3013 quud
406 2956 466 2996 eam
489 2942 619 3012 deinceps
637 2952 811 2997 consecutum
831 2951 882 2997 cst.
904 2941 995 2996 l’rirno

194 3035 276 3105 igitur
299 3034 359 3089 lucu
383 3034 523 3089 observari
546 3042 651 3104 polest,
674 3034 798 3105 nuspiam
822 3035 873 3104 legi
895 3032 995 3103 aliquid

1033 723 1118 787 ratio,
1136 721 1232 803 viderit
1245 721 1313 785 illc,
1330 736 1381 792 qua
1396 721 1495 777 deinde
1508 720 1570 788 iia,
1599 736 1687 792 quove
1708 721 1832 788 consilio,

1033 820 1093 871 acta
1110 816 1264 887 apocryplia
1279 815 1387 872 Eusebii
1405 815 1556 887 presbyteri
1571 830 1633 870 cum
1649 830 1701 870 suo
1721 825 1834 872 auctoru

1034 909 1104 963 tucri
1125 906 1252 976 deinceps
1273 908 1381 977 poterit.
1404 906 1469 962 Nam
1489 908 1512 962 si
1535 906 1657 962 biberius
1679 905 1835 963 Calliclicu·

1033 1018 1093 1057 ruiti
1115 1011 1272 1073 persecutor
1292 1000 1397 1067 lucrat,
1418 1011 1448 1057 ut
1465 1009 1592 1077 asserunt
1613 1003 1678 1056 Acta
1700 1001 1764 1065 tllo,
1785 1014 1836 1056 cur

1034 1092 1088 1149 dno
1104 1095 1142 1149 illi
1162 1094 1321 1149 Ariaiiornm
1342 1089 1477 1165 cuiypliaei
1498 1092 1651 1147 Romanum
1672 1092 1833 1165 episcopum

1034 1186 1086 1241 sibi
1101 1187 1314 1242 coiise'aiienteni
1329 1187 1426 1241 abesse
1438 1186 1472 1240 ab
1486 1200 1519 1240 eo
1533 1186 1651 1242 coticillo
1664 1186 1809 1241 volnissent
1823 1187 1835 1242 l

1035 1276 1147 1332 Videtur
1160 1281 1248 1348 itaque
1271 1276 1434 1347 probabilior
1449 1291 1542 1332 earum
1564 1278 1673 1347 opinio,-
1693 1280 1737 1346 qni
1760 1277 1835 1331 illum

1034 1368 1153 1424 abluisse
1169 1377 1276 1438 putant,
1292 1384 1326 1422 ne
1340 1368 1456 1423 crincilio
1472 1368 1548 1431 liiiio,
1566 1366 1639 1438 quud
1658 1367 1837 1424 Constantius

1036 1462 1136 1531 iniquis
1150 1463 1217 1516 adeo
1232 1460 1433 1516 conditionibus
1446 1469 1661 1525 cuiirucaveral,
1675 1466 1704 1514 et
1718 1459 1764 1514 cul
1778 1475 1839 1515 cer·

1035 1561 1078 1611 tiis
1096 1554 1193 1626 agendi
1213 1569 1243 1609 ac
1263 1553 1428 1609 decernendi
1451 1552 1519 1609 llncs
1539 1554 1762 1624 praescripserat,
1784 1556 1838 1608 iiiii

1035 1648 1152 1719 aliquam
1178 1661 1312 1703 consensu
1337 1661 1387 1701 siro
1412 1644 1538 1701 conterre
1565 1645 1725 1699 ridereturr
1752 1651 1836 1713 atque

1000 1741 1108 1814 Bbairic
1121 1757 1183 1796 esse
1198 1756 1305 1795 causam
1320 1738 1469 1810 intelligis,
1485 1752 1533 1792 cnr
1547 1737 1701 1807 congregali
1716 1737 1838 1807 episcopi

1039 1836 1106 1906 lapsi
1121 1837 1191 1899 sint,
1207 1836 1268 1904 qnia
1289 1835 1393 1889 scilicet
1415 1836 1537 1889 llomrno
1558 1835 1670 1887 absente
1690 1833 1838 1902 pontifice,

1039 1928 1085 1999 qui
1108 1937 1151 1983 est
1166 1927 1295 1982 Ecclesiae
1314 1935 1416 1996 caput,
1438 1927 1532 1981 deerat
1552 1926 1606 1980 illis
1626 1925 1746 1979 ditinum
1771 1922 1853 1979 illnd'

1041 2023 1194 2077 lineri-niniae
1210 2021 1333 2087 dorium,
1355 2019 1426 2091 qnod
1451 2020 1556 2090 intnqro
1582 2019 1709 2075 Ecclesiae
1734 2018 1842 2088 corpori

1042 2129 1187 2184 numquam
1204 2113 1358 2169 deleturum
1371 2114 1484 2168 scimus.

1078 2209 1111 2260 At
1125 2206 1189 2276 qnirl
1207 2206 1309 2260 interca
1324 2220 1385 2260 cuni
1399 2203 1567 2259 Athanasio?
1587 2206 1627 2258 An
1643 2201 1767 2259 Lilierius
1783 2202 1843 2273 ejus

1041 2299 1258 2355 cummunionem
1275 2294 1440 2354 retinuerat?
1454 2298 1500 2355 Sic
1514 2297 1638 2369 equidem
1661 2304 1746 2368 pato:
1765 2296 1845 2352 Aria·

1042 2407 1093 2448 iios
1115 2391 1204 2455 enim,
1229 2405 1374 2461 aiithnam
1396 2392 1419 2446 is
1440 2391 1467 2445 in
1490 2391 1616 2445 exsilium
1639 2392 1795 2460 pelleretur,
1818 2390 1847 2447 iil

1043 2500 1126 2543 uirum
1154 2484 1275 2539 noluisse
1302 2491 1429 2548 constat,
1459 2493 1486 2537 ut
1515 2483 1634 2552 potitiiex'
1665 2481 1844 2538 Athanasium

1043 2578 1204 2633 denarraret:
1220 2588 1247 2630 at
1261 2576 1294 2632 de
1315 2575 1443 2631 rnutanda
1459 2591 1475 2630 a
1490 2576 1599 2631 biberin
1620 2574 1687 2640 lide,
1712 2590 1744 2630 ac
1764 2577 1848 2630 omil-

1044 2671 1126 2726 tcndo
1141 2671 1274 2725 limirensis
1291 2686 1324 2725 ne
1337 2670 1447 2724 verbum
1462 2668 1582 2739 quidem.
1598 2667 1733 2738 legantur
1748 2667 1848 2723 litterae

1044 2764 1124 2817 abeo
1139 2762 1172 2817 ari
1189 2764 1380 2832 imperatorem
1404 2772 1466 2817 lunc
1485 2762 1608 2830 scriptae,
1629 2774 1661 2814 ac
1681 2758 1849 2831 colloquiunt

1046 2856 1191 2911 llediolooi
1209 2855 1342 2910 babilam.
1358 2856 1432 2911 Abiit
1448 2857 1538 2927 itaque
1549 2855 1673 2910 Beroeam
1689 2855 1716 2909 in
1732 2854 1849 2911 l'liraeia

1045 2949 1120 3004 exsul
1135 2950 1170 3003 ob
1186 2963 1265 3003 uriam
1282 2959 1414 3004 retentam
1435 2964 1496 3002 cuin
1512 2946 1662 3002 Athanasio
1675 2947 1848 3002 corrrrnuoio-

1047 3057 1127 3095 nem:
1143 3049 1280 3110 postremo
1293 3039 1396 3096 iractns
1411 3039 1444 3094 all
1464 3038 1616 3095 Orientales
1638 3040 1765 3108 scripsit,
1789 3037 1848 3094 Sir·

192 3128 229 3184 ab
243 3144 276 3184 cu
291 3128 422 3198 scripturn
436 3137 482 3182 ant
497 3135 601 3199 gestum
614 3169 621 3193 ,
636 3143 690 3198 quo
703 3129 828 3192 ueniuu,
845 3135 874 3181 nt
887 3135 1030 3199 aeiyunmc
1047 3134 1168 3188 liniensem
1187 3148 1217 3188 se
1236 3134 1390 3203 suscepisse
1407 3133 1486 3202 fiderit
1501 3173 1508 3196 ,
1530 3143 1610 3204 atque
1629 3132 1811 3187 Athanasium
1831 3141 1847 3187 A

193 3208 297 3286 iuerat,
314 3220 349 3276 ab
365 3220 485 3276 Ecclesia
500 3219 639 3289 deprecari
655 3220 728 3274 risus
741 3212 785 3273 sit.
801 3217 926 3274 &cundo
941 3235 994 3273 non

193 3298 299 3386 liquere
311 3313 437 3370 eumdcrn
452 3313 510 3369 sirie
524 3328 539 3367 a
553 3312 628 3376 suis,
642 3313 700 3368 sire
713 3313 747 3367 ab
762 3310 845 3367 ltaliae
860 3311 996 3381 episcopis

194 3423 244 3478 pro
260 3408 388 3463 iimrelico
403 3407 548 3478 aliquando
569 3405 707 3464 liabitutn:
731 3422 855 3476 inagrmm
876 3423 942 3462 vcro
962 3422 995 3462 ex

194 3504 246 3560 ltoc
260 3504 369 3561 silentio
389 3505 424 3561 de
443 3522 589 3577 ituinquain
612 3506 699 3571 abeo
719 3505 843 3578 deposita
864 3505 996 3562 catliolica

194 3601 248 3657 lida
261 3611 450 3672 argumentum
463 3601 579 3673 capitur.
594 3600 687 3657 Tertio
701 3602 848 3665 Damasus,
862 3616 922 3656 cuin
934 3601 996 3656 Ari-

194 3695 318 3750 utinense
331 3694 476 3752 concilium
492 3703 629 3766 ageretur,
645 3708 757 3749 necesse
777 3692 860 3748 luisse
880 3693 995 3758 scribit,

195 3797 222 3842 nt
238 3785 350 3841 Romani
364 3783 477 3860 episcopi
498 3787 621 3842 sententio
639 3794 810 3857 expeteretur,
832 3797 913 3855 alque
933 3784 996 3841 binc

105 3944 112 3954 .
194 3880 259 3950 quid
282 3883 348 3935 ilual
364 3881 420 3952 jum
442 3881 509 3937 dixi.
533 3881 634 3949 Qiiaruo
655 3878 789 3947 denique,
812 3894 873 3934 curu
895 3879 995 3933 Arlriii·

195 3988 294 4028 irenses
320 3974 439 4042 episcopi
460 3972 615 4042 imperatori
635 3973 771 4039 scribant,
794 3971 921 4042 reiectam
941 3986 997 4027 asc

196 4062 358 4132 termulam,
379 4080 459 4135 apuam
477 4063 576 4119 lialens
596 4073 677 4132 atique
698 4061 826 4119 Ursaeins
847 4076 996 4133 proposuc-

104 4192 108 4202 ·
196 4164 275 4220 rant,
292 4170 325 4210 eo
341 4157 413 4226 quod
428 4155 576 4224 vidissent,
593 4156 616 4210 si
631 4170 663 4211 ea
684 4163 792 4226 recepta
813 4155 924 4221 inisset,
941 4165 996 4210 tnr-

196 4249 343 4315 tortorem,
360 4265 391 4303 ue
406 4250 593 4305 coiiteiitionent
616 4257 671 4304 tum
694 4250 806 4320 reliquis
825 4250 996 4315 ciuitatibus,

196 4352 252 4397 lirin
278 4359 342 4398 iero
367 4343 496 4414 boioariae
518 4344 649 4400 Ecclesiae
669 4343 840 4401 suborituras
860 4360 921 4402 csse
940 4343 998 4418 (cip

1047 3244 1094 3282 sua
1103 3229 1294 3283 roinmnriioue
1307 3229 1452 3293 aniovlsse,
1463 3237 1610 3297 paceinque
1624 3243 1685 3283 cum
1702 3228 1735 3283 iis
1747 3226 1850 3285 babere

1047 3323 1136 3378 velle:
1153 3323 1178 3377 id
1195 3321 1300 3377 Valenti
1313 3323 1394 3376 etiam
1410 3330 1438 3375 et
1453 3320 1567 3377 Ursatio
1579 3321 1740 3391 significarit
1754 3335 1851 3390 qriant·

1048 3432 1127 3487 qoam
1144 3432 1176 3471 ea
1191 3415 1305 3486 epistola
1320 3415 1475 3483 suspicione
1490 3427 1543 3468 non
1558 3422 1644 3468 iacet.
1667 3412 1747 3468 lenit
1767 3413 1851 3484 lyimr

1048 3511 1176 3564 sisinium
1190 3551 1197 3575 ,
1213 3509 1302 3565 basilii
1318 3509 1454 3580 Aricyraiii
1474 3507 1565 3563 uiniiia
1586 3517 1649 3564 tunc
1667 3522 1716 3578 pro
1736 3508 1852 3563 arbitrio

1047 3603 1261 3657 adrninlslrantis
1271 3617 1364 3672 opera:
1376 3601 1439 3671 quid
1450 3610 1550 3667 acturn,
1566 3608 1763 3670 tractatumque
1786 3609 1852 3658 tune

1048 3697 1129 3750 luerit
1147 3697 1202 3766 jam
1227 3695 1352 3750 uidimus.
1369 3694 1426 3751 lina
1444 3695 1510 3750 lldes
1533 3704 1592 3761 εει,
1613 3710 1675 3764 quae
1698 3693 1852 3752 corisnnrtl

1048 3787 1238 3856 imperatoris,
1256 3786 1349 3842 llasilii
1364 3796 1496 3858 practerea
1512 3798 1594 3857 atque
1608 3786 1730 3841 oiniiium
1745 3789 1853 3843 animos

1048 3894 1198 3955 occupatos
1214 3883 1322 3949 babuit,
1339 3883 1391 3938 liuc
1413 3882 1501 3936 omnis
1526 3882 1646 3937 oniiiium
1666 3894 1731 3936 cura
1753 3881 1853 3936 collata

1048 3984 1090 4030 est
1107 3994 1113 4030 :
1129 3975 1163 4031 de
1191 3974 1339 4030 Athanasio
1367 3975 1445 4029 nlliil.
1472 3973 1527 4029 Cur
1552 3974 1641 4029 vcro?
1667 3974 1728 4044 qnia
1751 3972 1855 4030 mutata

1048 4067 1152 4123 scilieet
1168 4083 1258 4123 reruni
1274 4066 1358 4135 laeie,
1374 4067 1426 4120 alia
1443 4067 1554 4120 ‹iruiilno
1569 4065 1657 4121 sturlia
1674 4081 1735 4120 esse
1750 4065 1854 4121 debue-

1050 4171 1122 4216 rant.
1150 4161 1282 4231 Eruperat
1305 4162 1376 4217 cuim
1404 4175 1498 4216 recens
1526 4161 1641 4216 Eirdoiil
1668 4158 1798 4226 haeresis,
1827 4167 1855 4216 ol

1051 4248 1131 4303 iactlo
1152 4248 1177 4302 in
1198 4257 1321 4318 apertum
1342 4262 1488 4318 cariipum;
1516 4247 1648 4302 adversus
1673 4263 1753 4318 quani
1781 4251 1855 4302 curua

1049 4339 1101 4396 init
1120 4339 1235 4406 Basilio,
1256 4357 1303 4396 eus
1328 4355 1441 4408 oriiiies,
1467 4341 1512 4410 qui
1535 4338 1626 4396 urtam
1647 4332 1854 4410 profitebantur,

196 4435 372 4507 intelligimus
395 4445 449 4490 lum
472 4436 609 4492 llomanos
631 4436 705 4492 ciues
728 4451 759 4491 ac
785 4436 913 4492 clericum
935 4451 999 4492 curn
1051 4436 1245 4500 eatretinere,
1267 4445 1313 4488 aut
1333 4433 1384 4487 sibi
1405 4433 1574 4503 adjungere:
1595 4432 1658 4488 binc
1677 4431 1712 4486 de
1733 4431 1855 4486 Albana·

196 4529 325 4601 episcopii
339 4543 408 4594 sun,
425 4538 483 4584 turn
496 4544 544 4585 cos
558 4529 604 4601 qui
618 4529 761 4595 scribunt,
776 4529 927 4584 calliolieos
941 4544 997 4584 oin·
1013 4522 1038 4584 D
1052 4531 1107 4591 sio,
1129 4542 1208 4595 quem
1230 4525 1302 4582 haud
1324 4525 1464 4595 ignorabat
1482 4540 1543 4581 cum
1564 4525 1638 4579 omiti
1658 4524 1718 4580 lere
1732 4523 1856 4580 Ecclesia

198 4625 427 4700 nes-episcopos,
450 4639 502 4678 uria
522 4639 584 4679 cuin
607 4622 654 4678 illo
677 4621 787 4694 paciiica
808 4623 1000 4680 conitnunione
1051 4619 1241 4674 coimnnnioue
1265 4619 1406 4688 junctura,
1437 4633 1470 4672 ne
1496 4619 1616 4688 cogitare
1643 4617 1752 4687 quiderm
1780 4617 1856 4671 risus

198 4727 229 4768 ac
244 4713 296 4769 lide
309 4715 365 4785 jam
380 4725 458 4772 antea
473 4717 647 4786 conjunctos.

233 4805 414 4862 Ariminensis
434 4808 539 4863 interca
559 4806 679 4879 synodus
700 4818 864 4880 erinpregata
886 4820 949 4867 cst:
972 4818 1001 4867 at

199 4896 337 4956 Liberium
354 4915 440 4969 neque
456 4914 505 4970 per
518 4915 567 4965 se,
582 4915 670 4971 neque
684 4902 848 4974 perlegales
861 4919 925 4958 snus
938 4903 1001 4960 huic

199 4992 320 5050 adfuisse
335 4993 447 5048 scimus.
463 4993 515 5062 Qui
531 4993 665 5065 vulgatam
686 4996 736 5050 sub
755 4995 857 5052 celebri
876 4996 1002 5053 ansneli

201 5086 347 5144 Meldensis
360 5084 425 5140 olim
440 5087 560 5156 episcopi
582 5086 692 5142 riomine
712 5087 887 5159 defensionem
909 5104 942 5144 eit
964 5091 1002 5144 la-

202 5182 258 5238 tirio
279 5180 306 5237 iu
321 5180 455 5235 Gallicum
472 5193 626 5234 sennonem
642 5194 728 5249 nuper
740 5182 839 5246 uertit,
855 5180 881 5235 id
901 5182 1000 5237 iactum

201 5282 279 5345 putat
299 5273 393 5330 irande
421 5272 525 5329 Ursacii
549 5281 576 5328 et
598 5270 738 5338 Valentis,
760 5286 876 5342 qnorum
896 5274 1002 5330 scilicet

238 5419 278 5492 (oi
294 5418 359 5474 Acta
375 5418 419 5474 illa
441 5412 622 5481 sirmondus,
647 5410 795 5477 atesinus.
819 5410 847 5471 li
868 5405 1006 5482 Papelirb-

201 5493 280 5548 cirins
295 5491 419 5547 viderunt
432 5492 482 5546 sub
496 5488 624 5558 Eonilucii
638 5491 713 5559 pupae
725 5498 749 5542 et
762 5487 885 5560 martyris
896 5490 1006 5544 tioriiinc

203 5562 323 5629 scripta:
338 5576 370 5616 er
387 5579 441 5628 qim
457 5562 527 5617 idem
542 5560 761 5633 Papebrocbius,
778 5559 890 5615 llissert.
907 5557 949 5623 E,
963 5559 1003 5615 al·

207 5643 295 5689 terum
312 5635 490 5696 apertissimae
505 5632 630 5703 invisitatis
644 5635 741 5688 eorum
757 5638 946 5702 arginneutnm
961 5645 1007 5686 ca-

209 5703 266 5778 pili,
281 5703 315 5756 ati
329 5701 473 5774 Att‘r'ttt'ytiiu
487 5692 646 5759 ddiioidlofc
661 5698 870 5759 disiiltttlialti'in.

246 5775 285 5859 (t)
299 5776 378 5842 Aurio
390 5775 469 5837 bom.
481 5774 761 5837 sucassiiidomuus
779 5771 928 5850 Gregorius
937 5788 1008 5852 papa

1051 4721 1112 4767 est:
1130 4711 1170 4767 sic
1183 4712 1264 4766 etiaim
1280 4710 1472 4779 Constantius,
1490 4713 1534 4783 qni
1554 4711 1644 4766 Basilii
1668 4721 1761 4767 iiicrite
1779 4723 1858 4780 rege-

1053 4807 1142 4873 batur,
1161 4813 1240 4862 ietus
1259 4821 1322 4875 erga
1343 4806 1419 4861 illum
1441 4805 1532 4861 uilium
1553 4805 1750 4874 aliquantisper
1768 4804 1857 4874 depo·

1053 4899 1116 4955 suit.
1134 4898 1201 4954 lllnc
1215 4914 1309 4954 rursus
1324 4897 1423 4954 frictum
1440 4908 1498 4965 est,
1521 4908 1549 4952 ul
1569 4913 1629 4953 cuin
1652 4896 1778 4952 Liberius
1799 4910 1858 4950 rent

1055 4992 1129 5048 illam
1153 5001 1216 5047 tuor.
1239 5007 1350 5062 prorsus
1376 4994 1543 5063 neglectam,
1568 4993 1694 5062 atquem
1719 4990 1859 5045 oblivione

1056 5088 1170 5156 positam
1196 5085 1319 5151 rideret,
1344 5099 1376 5140 ao
1401 5084 1466 5139 nibil
1492 5101 1506 5138 a
1532 5099 1562 5139 se
1586 5083 1701 5153 atriplius
1727 5081 1860 5152 postulari

1056 5178 1252 5243 intellexisset,
1276 5175 1387 5231 iiiiniiire
1404 5176 1557 5232 eciiseriilns
1575 5176 1610 5230 sit
1630 5175 1771 5245 pristinam
1795 5187 1859 5228 cum

1056 5273 1205 5329 Athanasio
1228 5271 1468 5340 communionem,
1487 5269 1617 5342 quidquid
1637 5278 1715 5325 antea
1734 5267 1862 5337 scripsis-

1044 5408 1147 5469 'noitus
1171 5410 1341 5468 coriscbrai'iit
1366 5411 1435 5464 lianc
1457 5409 1599 5465 ecclesiam
1624 5407 1651 5460 in
1673 5401 1804 5460 lt'olioreru
1826 5394 1860 5457 [Υ.

1061 5485 1169 5542 Enseliii
1185 5494 1212 5540 et
1230 5482 1364 5540 lincerrtii
1381 5490 1446 5537 curat
1468 5481 1553 5535 ilibas
1573 5478 1722 5543 altaribus,
1743 5476 1862 5556 quurutil

1060 5558 1147 5627 marios
1173 5557 1261 5612 ellare
1287 5554 1451 5609 eriiiiessuris
1476 5553 1561 5619 ipsius
1589 5550 1714 5606 riiatiibus
1759 5558 1863 5616 ruprtll

1060 5630 1238 5685 cuiisecraiiii.
1256 5627 1301 5682 Est
1316 5627 1396 5681 eliani
1411 5624 1479 5696 apud
1495 5622 1640 5678 Eoritiauc.
1658 5564 1804 5687 iliarxtal.

1099 5701 1135 5773 a)
1153 5700 1263 5767 somn,
1281 5698 1329 5759 ini.
1344 5711 1386 5764 ri,
1399 5694 1459 5770 erp.
1477 5687 1521 5762 ιε.
