3900 6134
170 228 206 289 95
765 225 927 288 rhusttttt
946 226 990 284 ΕΤ
1010 225 1222 307 hebescunt
1788 238 1824 298 9ss

170 347 294 422 tlumque
308 348 461 421 reprobans
476 347 685 414 hereticorum,
702 346 800 403 ductus
813 352 856 402 cst
874 345 902 400 in
926 359 975 400 ex·
988 346 1016 408 Α
1027 346 1078 400 stth
1090 343 1248 407 Constantio
1257 349 1478 408 damnaverunt?
1489 353 1542 411 llis
1557 352 1640 411 rebus
1651 353 1752 412 Valens
1765 371 1824 413 mo·

173 441 276 498 silium.
291 440 321 498 ln
334 442 395 498 loco
409 441 468 514 ejus
484 441 710 511 praevaricatores
721 438 851 495 ordinant
863 436 974 494 nomine
1026 446 1085 510 tus,
1108 443 1235 515 ignorans
1252 447 1378 504 virtutem
1401 463 1474 504 aerae
1488 449 1567 515 lldci,
1592 460 1619 506 ct
1641 453 1823 509 constantiam

171 532 334 602 zosimum,
355 534 401 607 qui
413 543 441 591 et
454 535 514 605 ipse
528 537 603 605 prius
615 534 725 607 quidem
739 532 873 590 catholica
888 530 975 587 uindi-
1024 548 1085 590 curo
1107 536 1286 595 inconstantia
1308 541 1472 610 conterens,
1489 541 1656 612 impietatem
1680 543 1825 601 haeretico«

174 631 265 687 eabat.
283 629 339 687 lies
362 630 413 685 ista
436 629 462 685 in
481 627 595 702 Neapoli
608 630 719 686 cirimte
736 626 892 701 Campaniae
915 633 975 682 acta
1025 643 1084 685 runt
1109 645 1170 686 cum
1190 633 1306 702 quadam
1318 633 1425 704 justitia
1440 635 1604 694 vindicabat.
1630 638 1665 694 Et
1680 649 1823 709 tacemus,

173 729 227 778 cst.
242 720 389 793 Cognoscit
403 719 456 779 hoc
469 733 580 778 sanctus
604 722 754 787 diotimus,
779 720 854 778 etde
875 718 974 777 exsilio
1025 719 1097 789 quod
1112 722 1193 777 etiam
1206 723 1257 780 sub
1272 723 1386 782 Valente
1402 726 1498 783 iterum
1519 742 1549 783 se
1564 729 1672 798 quidam
1686 729 1823 789 haereticis

174 813 300 871 scribens
315 814 363 871 dat
374 815 401 871 in
422 830 483 872 eum
499 816 681 883 sententiam,
697 830 750 871 non
765 812 852 870 solum
871 812 976 883 episco·
1025 812 1213 882 tradiderunt,
1235 832 1303 887 iquos
1325 832 1397 874 nune
1411 818 1588 876 nihilominus
1602 821 1728 879 videmus
1751 823 1824 881 inter

174 908 229 980 pali
243 908 425 976 auctoritate,
446 908 495 966 sed
519 908 602 966 etiam
624 908 798 964 aemulatione
819 922 852 963 ac
875 905 976 962 virtute
1026 905 1175 963 catholicos
1189 910 1331 967 nominari.
1347 911 1410 968 lude
1423 923 1465 969 cst
1477 913 1550 971 unde
1565 915 1646 971 etiam
1659 916 1755 988 plebes
1767 920 1824 974 hac-
1877 960 1882 968 .

175 1002 301 1075 martyrii
323 1002 331 1034 ¹
349 1000 444 1059 httens
465 1002 492 1058 ht
511 1003 624 1074 gloriam
638 1001 768 1058 diuinam.
784 999 839 1058 Sed
855 1011 916 1071 post
926 999 976 1054 ali·
1026 1001 1173 1058 reticornm
1197 1003 1230 1059 ad
1255 1004 1336 1061 iidem
1359 1006 1469 1078 impiam
1489 1009 1624 1065 roboratae
1648 1020 1728 1079 sunt,
1754 1012 1821 1070 dum

173 1105 241 1168 quot
251 1111 337 1154 annos
351 1097 445 1153 heatus
456 1096 563 1153 Lucller
573 1098 607 1153 de
626 1104 724 1169 quarto
743 1094 840 1152 exsilio
860 1095 974 1151 Romam
1027 1091 1148 1151 haeretiei
1161 1096 1187 1151 in
1200 1097 1273 1153 malo
1285 1112 1476 1169 perseverant,
1491 1103 1576 1172 etqui
1589 1104 1715 1173 potamur
1727 1107 1823 1162 catbo-
1885 1104 1886 1107 ’

175 1203 311 1260 pergens,
337 1188 479 1260 ingressus
502 1197 545 1246 est
565 1188 707 1261 Neapolim
733 1188 888 1258 Campaniae
912 1205 919 1242 :
941 1184 975 1243 ad
1027 1186 1089 1254 lici,
1112 1190 1145 1246 de
1176 1191 1247 1248 bono
1272 1192 1417 1260 recedunt,
1442 1195 1589 1267 aliquoties
1614 1200 1822 1258 succumbentes

174 1297 255 1355 quem
270 1281 396 1339 Zosimus
407 1283 500 1339 tenire
515 1283 639 1349 tentavit,
653 1281 699 1336 illa
711 1280 782 1338 lorte
798 1280 906 1348 fidncia,
922 1295 976 1351 qua
1029 1278 1176 1338 hereticis.
1202 1283 1258 1350 Qua
1281 1284 1353 1339 cuim
1376 1287 1535 1343 anctoritate
1556 1287 1584 1342 hi
1609 1289 1677 1345 tales
1702 1292 1823 1362 episcopi

173 1377 344 1448 scillcetjam
359 1376 394 1433 de
407 1376 547 1447 impietate
563 1378 738 1431 ¹correxisse
752 1373 904 1430 videbatur.
923 1371 976 1431 Sed
1027 1381 1119 1429 contra
1135 1373 1260 1430 haeresim
1277 1376 1445 1445 praedicant,
1461 1379 1504 1434 cui
1519 1395 1549 1436 se
1563 1380 1762 1453 subscripsisse
1775 1398 1824 1439 ne-

177 1469 250 1526 hunc
262 1469 371 1526 lauciler
390 1469 533 1525 confessor
552 1469 693 1537 suscipere
708 1468 812 1534 noluit,
832 1484 884 1522 non
900 1467 978 1537 igno·
1027 1479 1092 1535 garo
1111 1480 1164 1522 non
1178 1469 1309 1536 possunt?
1329 1477 1357 1524 et
1370 1485 1422 1540 qua
1444 1469 1539 1526 halucia
1562 1474 1725 1529 catholicam
1742 1473 1824 1531 hdcm

176 1575 243 1618 rans
265 1576 327 1632 qum
350 1571 473 1633 gesserat
487 1579 495 1617 ι
509 1561 564 1618 imo
584 1571 613 1617 et
633 1562 718 1616 sancti
733 1558 851 1631 Spiritus
871 1557 977 1615 fervore
1029 1557 1100 1628 plebi
1117 1559 1233 1616 suadere
1248 1561 1388 1628 nitantur,
1403 1577 1464 1618 cnm
1479 1575 1585 1620 constet
1602 1566 1672 1638 quod
1693 1581 1752 1622 eam
1774 1568 1825 1622 im·

177 1655 299 1728 episcopi
314 1663 342 1711 et
363 1654 493 1728 martyris
512 1654 676 1711 sententiam
699 1654 836 1710 robustius
850 1653 978 1725 exsequi·
1030 1649 1082 1720 piis
1095 1652 1340 1723 subscriptionibus
1353 1656 1576 1724 reprobaverint?
1818 1645 1819 1648 '

177 1756 238 1817 tur,
254 1748 347 1805 dicens
361 1748 433 1819 quod
456 1747 643 1821 episcopatum
664 1748 750 1816 ipsum
770 1761 850 1818 qoem
871 1746 922 1801 sihi
947 1734 1014 1803 utB
1064 1740 1159 1798 xllll.
1181 1743 1331 1813 Videtisne,
1350 1747 1432 1801 etiam
1458 1747 1557 1803 restris
1570 1749 1737 1819 temporibus
1757 1750 1826 1821 (sed

177 1840 285 1898 adulter
296 1839 431 1907 vindicat,
445 1840 558 1911 speciali
570 1840 618 1896 llei
631 1838 733 1910 judicio
745 1854 799 1894 nott
814 1838 935 1907 habebit,
950 1847 977 1895 ιι
1030 1843 1059 1890 ιιι
1073 1835 1209 1892 credimus
1221 1839 1406 1909 ignorantibus
1417 1840 1518 1913 vobis),
1529 1841 1609 1898 lltlcm
1622 1841 1729 1914 quidem
1741 1845 1824 1915 piam,

177 1930 218 1989 sic
231 1946 340 2002 quoque
351 1932 450 1987 sentiet
464 1946 573 2002 paenam
597 1946 653 1986 suae
676 1929 834 2001 impietatis.
846 1929 901 1987 Sed
922 1947 977 1986 non
1030 1933 1112 1996 atque
1129 1929 1229 1983 utinam
1245 1930 1287 1984 rel
1305 1946 1387 1998 rere,
1404 1931 1616 2000 redemimus,
1632 1951 1692 1991 cum
1711 1937 1826 2007 quadam

180 2031 242 2097 post
257 2022 371 2081 multum
384 2031 510 2094 tempus,
528 2022 599 2079 idem
620 2023 766 2090 Zosintus,
786 2038 847 2078 cunt
861 2024 889 2078 in
904 2034 978 2079 coetu
1030 2026 1119 2074 lamen
1133 2019 1263 2090 injustitia
1278 2023 1429 2089 vindicari,
1450 2041 1512 2081 cnm
1524 2042 1574 2095 per
1590 2027 1713 2098 indignos
1724 2031 1828 2100 episco-

179 2116 269 2189 plcbis
294 2119 354 2174 vult
377 2119 489 2189 exsequi
518 2117 669 2174 sacerdotis
691 2117 797 2184 ollicia,
826 2118 897 2175 inter
921 2119 978 2189 ipsa
1033 2126 1083 2183 pos
1097 2112 1292 2169 vindicatoria
1308 2115 1481 2174 alllictioncnt
1495 2118 1566 2190 piam
1586 2119 1829 2178 hdemdclenden-

181 2214 264 2269 rerha
279 2214 460 2270 sacerdotalia
471 2213 531 2285 ejus
545 2213 636 2284 lingua
652 2214 833 2285 protenditur,
847 2230 896 2271 nec
908 2216 980 2271 valet
1034 2209 1101 2264 tium
1114 2209 1299 2277 sacerdotum,
1314 2221 1341 2269 et
1353 2214 1379 2267 itt
1390 2214 1538 2282 perniciem
1552 2214 1668 2270 fidelium
1680 2216 1828 2272 laicorttml

180 2319 240 2363 eam
252 2318 383 2362 revocare
402 2307 473 2362 intra
494 2307 551 2363 oris
567 2296 705 2375 meatum,
733 2321 768 2364 eo
790 2309 861 2378 quod
884 2321 980 2366 contra
1032 2302 1086 2359 Sed
1103 2303 1180 2359 nolas
1195 2313 1304 2375 potatur
1318 2313 1359 2362 tot
1379 2308 1601 2377 praevaricatores
1614 2309 1750 2378 dejicere,
1764 2323 1829 2364 con-

182 2396 292 2453 moduni
306 2408 410 2454 naturae
431 2408 508 2454 extra
533 2414 564 2456 os
586 2398 728 2470 penderet,
745 2399 849 2456 utboni
870 2402 978 2458 anhelo.
1032 2398 1196 2452 sentientem
1213 2397 1245 2452 ad
1261 2397 1420 2467 injustitiam
1435 2400 1540 2456 turham
1556 2401 1714 2472 reprobare.
1733 2403 1767 2458 Et
1783 2403 1828 2459 ubi

185 2490 239 2549 Sed
253 2502 281 2548 ιιι
295 2491 363 2548 vidit
378 2508 408 2549 se
420 2492 519 2565 linguae
529 2491 647 2550 othotam
665 2493 827 2565 perdidisse,
842 2494 982 2566 egreditur
1031 2498 1074 2544 est
1088 2489 1194 2559 justitia
1208 2506 1279 2547 verm
1292 2493 1451 2564 religionis,
1467 2494 1490 2549 si
1504 2496 1654 2551 addicenda
1675 2505 1719 2552 est
1738 2496 1829 2568 impiae

182 2586 296 2644 basilica
311 2606 318 2650 ;
333 2598 360 2642 et
376 2601 420 2643 nes
431 2588 510 2654 mira,
523 2585 590 2643 loris
603 2587 702 2643 iterum
714 2586 741 2642 in
756 2586 875 2643 olllcium
891 2588 980 2658 lingua
1032 2585 1217 2653 multitudini,
1240 2596 1267 2643 ιι
1283 2586 1336 2644 hoc
1355 2590 1405 2644 suh
1421 2589 1548 2660 piissimis
1570 2601 1597 2646 ιι
1620 2590 1830 2661 religiosissimis

185 2686 312 2735 revocata
328 2688 381 2734 est.
404 2678 439 2735 Et
454 2679 573 2750 primum
586 2679 696 2751 quidem
715 2694 768 2735 non
783 2678 940 2751 intelligitur
954 2679 981 2734 in
1032 2678 1260 2750 imperatoribus?
1273 2675 1331 2736 Non
1346 2681 1386 2737 sic
1407 2682 1433 2736 in
1453 2682 1553 2737 dilutio
1567 2683 1714 2752 judicatum
1738 2692 1781 2738 cst
1801 2691 1831 2738 ut

183 2786 246 2828 eum
267 2773 400 2843 compleri
424 2773 586 2830 sententiam
603 2773 732 2844 ntattyris
749 2783 777 2829 ιι
793 2772 981 2829 confessoris:
1033 2777 1112 2831 turba
1127 2777 1248 2832 vinceret
1266 2774 1428 2831 inlidellum.
1447 2774 1500 2831 scd
1514 2774 1572 2831 Noe
1598 2776 1642 2830 illc
1663 2775 1829 2845 justissimus

186 2865 234 2923 sed
249 2881 311 2921 cuth
327 2865 378 2922 hoc
389 2865 476 2937 ipsum
489 2866 571 2922 toties
586 2866 684 2922 iterum
701 2865 817 2937 patitur,
833 2865 940 2937 quoties
955 2866 981 2921 in
1035 2867 1097 2924 idco
1112 2869 1197 2939 magis
1221 2869 1276 2923 lieo
1291 2868 1406 2938 placuit,
1423 2867 1494 2938 quod
1511 2868 1537 2921 in
1554 2867 1601 2922 illo
1616 2867 1722 2923 excidio
1735 2867 1830 2922 mundi

185 2958 326 3016 basilicam
341 2957 459 3015 diversis
485 2957 581 3015 diebus
596 2959 699 3014 intrare
712 2959 836 3024 tentavit,
855 2959 912 3030 ipse
935 2974 983 3027 po-
1033 2960 1108 3016 solus
1122 2961 1211 3031 justus
1225 2962 1351 3016 inventus
1366 2969 1418 3016 est.
1434 2960 1614 3016 Nihilominus
1628 2970 1656 3017 et
1670 2962 1696 3015 in
1710 2960 1830 3017 Sodoma

184 3061 288 3108 stremo
304 3052 473 3125 recognovit,
493 3053 529 3109 ob
542 3052 593 3107 ltoc
606 3053 658 3108 sibi
673 3052 793 3125 linguam
810 3053 880 3108 inter
895 3052 984 3124 ponti·
1033 3061 1062 3110 et
1076 3053 1224 3110 Gomorrha
1233 3068 1328 3123 graves
1343 3068 1438 3123 peenas
1450 3052 1524 3109 dedit
1539 3053 1802 3122 impiamultitudine
1817 3072 1824 3109 ι

187 3144 242 3201 licii
254 3144 384 3201 solemnia
400 3145 482 3201 rerba
497 3143 640 3217 denegari,
658 3154 687 3201 nt
709 3158 866 3202 sanctorum
878 3120 1019 3219 episco·c
1035 3144 1107 3201 unde
1118 3145 1260 3215 hospitalis
1276 3160 1346 3200 ottus
1359 3145 1428 3200 Loth
1448 3144 1483 3199 ob
1493 3145 1625 3214 justitiam
1646 3144 1776 3200 liberatos
1790 3151 1831 3200 est

184 3253 281 3310 porum
304 3239 330 3293 in
343 3254 406 3294 eum
432 3239 484 3295 rite
507 3239 640 3308 protatam
661 3239 824 3295 sententiam
844 3239 981 3310 probaret.
1033 3251 1095 3293 curn
1108 3236 1213 3293 duabus
1226 3237 1414 3292 tantummodo
1426 3236 1542 3292 hliabus.
1556 3236 1609 3290 Sed
1625 3251 1675 3291 nec
1690 3236 1736 3291 Dei
1748 3253 1832 3291 armu-

184 3329 307 3403 Iieniqne
321 3332 404 3388 cessit
416 3332 601 3402 episcopatui,
624 3340 653 3387 ut
668 3331 757 3400 lingua
782 3346 843 3402 quae
862 3338 985 3386 cesserat
1035 3329 1105 3386 lator
1117 3329 1202 3395 Elias,
1213 3331 1259 3400 qui
1273 3328 1324 3384 luit
1336 3329 1493 3399 singularis,
1507 3329 1635 3384 obtentus
1647 3337 1698 3392 est,
1710 3343 1771 3383 cum
1784 3328 1832 3384 ad-

182 3425 355 3482 reddeaetur.
373 3425 432 3482 Non
445 3442 490 3483 res
511 3429 637 3498 antiquas
653 3426 805 3493 referimus,
823 3441 883 3496 qnae
896 3425 985 3481 solent
1036 3437 1132 3478 tersus
1150 3422 1225 3476 illum
1240 3421 1428 3492 quadringenti
1443 3420 1637 3490 quinquaginta
1662 3419 1721 3474 lalsi
1741 3414 1833 3475 sacer-

185 3521 302 3593 quadam
319 3523 466 3578 rationein
482 3520 593 3578 dubium
608 3524 713 3577 tenire.
728 3520 795 3576 Nant
816 3530 843 3576 ct
860 3519 985 3575 Zosimus
1035 3514 1113 3570 dotes
1127 3513 1306 3568 mitterentur.
1321 3510 1375 3567 Sed
1389 3511 1478 3565 onmis
1492 3512 1568 3565 turha
1584 3511 1628 3565 illa
1643 3510 1725 3580 impia
1739 3526 1832 3566 sacer-

183 3613 318 3686 hodieque
333 3614 360 3670 in
371 3629 488 3685 corpore
500 3624 559 3682 est,
573 3630 651 3671 usum
664 3615 720 3684 ham
732 3614 831 3684 linguae
841 3628 895 3668 nnn
906 3611 986 3666 amit·
1035 3604 1129 3661 dotum
1146 3604 1196 3659 luit
1212 3619 1306 3674 poenas
1321 3603 1372 3658 sub
1385 3605 1465 3659 utrius
1486 3602 1574 3659 idelis
1594 3619 1702 3657 mauram
1714 3644 1722 3669 ,
1734 3614 1761 3660 et
1782 3607 1834 3661 hoo

185 3717 266 3776 tens,
285 3719 429 3779 postquam
445 3706 542 3764 maluit
560 3723 622 3764 cum
641 3709 815 3778 episcopatus
838 3705 985 3762 amissione
1035 3707 1162 3768 sperante
1183 3712 1247 3767 rege
1270 3696 1383 3763 Achab,
1405 3697 1451 3767 qui
1468 3696 1550 3753 laisos
1574 3695 1731 3752 sacerdotes
1750 3697 1834 3766 impie

184 3801 279 3858 rivere
292 3800 390 3857 dolens
405 3801 461 3855 suis
474 3800 670 3871 impietatibus.
1027 3789 1200 3846 vindicabat.
1218 3789 1272 3845 Sed
1296 3805 1347 3846 nec
1362 3789 1431 3845 lehn
1452 3805 1499 3845 rex
1522 3789 1602 3845 lsrael
1623 3790 1720 3845 detulit
1745 3789 1834 3859 impiae

222 3892 304 3949 xtttl.
320 3893 416 3948 Nonne
430 3894 512 3949 etiam
524 3892 702 3957 decimilibus
714 3887 919 3962 prejudicatum
931 3896 985 3950 cst,
1036 3883 1203 3941 multitudini
1217 3883 1399 3940 sacerdotum.
1413 3883 1534 3952 Denique
1545 3899 1639 3939 omncs
1651 3883 1733 3938 falsos
1743 3898 1835 3938 sacer-

184 3987 252 4044 niltil
264 3987 320 4042 illis
334 3986 484 4057 prodesse,
501 3986 573 4057 quod
586 3987 662 4057 quasi
677 3982 914 4053 suheorrcptione
928 3983 986 4051 epi·
1036 3975 1126 4043 dotes,
1140 3975 1188 4046 qui
1201 3976 1251 4031 soh
1266 3990 1328 4045 rege
1343 3973 1437 4030 achab
1452 3973 1558 4028 inerant
1573 3975 1598 4028 iu
1621 3974 1756 4040 culmine,
1772 3989 1835 4029 cnm

183 4079 258 4147 scopi
272 4093 333 4134 csse
347 4082 539 4150 perseverentl
552 4079 612 4135 Non
627 4079 699 4135 enim
713 4076 850 4147 correptio
866 4084 908 4131 est
921 4075 984 4139 ista,
1036 4069 1165 4141 religiosa
1181 4068 1274 4124 ltaude
1293 4070 1319 4123 in
1335 4069 1445 4124 domum
1465 4067 1603 4137 religionis
1619 4066 1709 4137 hnpiac
1732 4081 1835 4121 conto-

181 4170 231 4226 aed
247 4169 349 4236 illusio,
363 4180 446 4244 prout
460 4181 524 4227 sunt
539 4173 733 4242 imperatorum
750 4179 886 4240 tempora,
904 4166 985 4222 lldcm
1037 4171 1136 4230 casset,
1151 4163 1227 4231 aquosi
1244 4175 1291 4218 eos
1302 4168 1364 4230 post
1374 4161 1441 4215 ritus
1451 4159 1590 4230 religionis
1601 4166 1834 4226 remuneraturus,

183 4273 304 4320 vertere.
324 4263 397 4331 llaec,
418 4263 477 4320 haec
491 4281 535 4321 res
546 4264 654 4334 decepit
672 4273 699 4320 et
713 4261 855 4319 Valentem
871 4260 987 4330 impera·
1035 4253 1230 4326 jussitoccidi,
1246 4254 1283 4309 ita
1306 4263 1334 4309 ut
1354 4266 1434 4309 nemo
1457 4252 1492 4307 dc
1508 4251 1550 4307 his
1563 4260 1731 4319 superesset.
1749 4250 1783 4306 Et
1799 4251 1838 4306 lc-

185 4363 287 4423 torem,
304 4370 365 4411 cum
378 4355 404 4410 in
421 4355 556 4411 hereticis
570 4355 637 4412 tidtt
651 4353 830 4410 constantiam
849 4351 988 4409 defensio·
1037 4350 1126 4422 gimus
1138 4349 1200 4420 quia
1212 4347 1248 4402 ob
1262 4347 1313 4402 hoc
1328 4346 1426 4403 lactum
1441 4346 1477 4400 ita
1491 4345 1591 4416 placuit
1602 4344 1729 4407 Domino,
1744 4351 1774 4398 nt
1789 4342 1837 4399 hlii

185 4449 248 4517 tais,
264 4447 290 4504 in
303 4445 363 4504 istis
378 4456 470 4504 autern
485 4447 601 4518 egregiis
613 4446 756 4504 catholicis
776 4439 986 4501 inconstantiam
1038 4443 1160 4515 ejusdem
1183 4443 1255 4514 regis
1272 4449 1367 4513 quarta
1384 4439 1513 4512 progenie
1536 4438 1666 4495 sederent
1689 4437 1716 4493 in
1737 4436 1837 4493 throno

188 4538 261 4597 ndat.
275 4539 342 4596 Nam
357 4539 449 4610 utique
471 4539 604 4610 probatur
617 4539 673 4605 illi,
697 4537 767 4607 quod
782 4537 809 4592 hi
826 4535 870 4608 qui
892 4549 922 4590 se
942 4548 987 4589 ca-
1039 4533 1133 4592 lsrael.

186 4634 304 4689 tholicos
316 4632 493 4699 asserebant,
510 4631 738 4703 stthscripsissent
756 4629 832 4700 prins
854 4643 915 4683 cunt
931 4627 988 4683 hae-
1076 4627 1148 4684 Xlll.
1163 4626 1232 4684 Stmt
1246 4637 1274 4683 et
1288 4626 1339 4682 alia
1355 4626 1439 4682 multa
1461 4624 1598 4681 simillima
1612 4622 1747 4693 exempla.
1772 4623 1838 4690 Quae

185 4725 289 4791 reticis,
304 4724 465 4781 damnantes
478 4723 684 4796 quamprimum
695 4719 986 4788 delenderantddcm;
1040 4719 1150 4792 quidem
1176 4733 1226 4774 nos
1250 4734 1303 4774 non
1318 4719 1381 4774 ideo
1405 4719 1536 4784 dicimus,
1561 4717 1637 4786 quasi
1663 4716 1709 4787 qui
1725 4713 1840 4771 uelimus

186 4823 216 4870 et
227 4813 353 4870 dicebaut
364 4814 483 4871 haeretici
497 4833 504 4869 ι
518 4815 547 4870 Si
562 4825 654 4869 nostra
669 4810 739 4868 lldes
753 4812 823 4867 mala
835 4819 888 4878 est,
904 4827 989 4882 quate
1039 4814 1156 4887 alicujus
1170 4813 1329 4881 sanguinent
1345 4811 1432 4868 luttdi.
1443 4810 1522 4866 hbsit
1533 4807 1585 4864 hoc
1597 4824 1614 4864 a
1628 4811 1698 4865 tiotis
1713 4809 1814 4864 nostris
1832 4827 1838 4861 :

186 4906 238 4963 stth
251 4903 411 4962 Constantio
429 4920 479 4977 pro
494 4907 553 4975 ipsa
567 4906 750 4978 subscriptum
774 4913 817 4962 est
834 4906 869 4961 ab
883 4905 926 4961 his
942 4906 987 4977 qul
1042 4907 1094 4964 hnc
1106 4906 1179 4963 enim
1193 4906 1240 4977 qui
1255 4905 1315 4961 lteri
1328 4906 1422 4976 cupit,
1435 4903 1573 4960 exorbitat
1592 4916 1608 4957 a
1632 4901 1737 4973 legibus
1760 4899 1843 4954 Chri·

186 5013 259 5056 nune
272 5013 302 5055 se
315 4996 467 5054 catholicos
489 4997 602 5064 dicunt,
618 4997 689 5054 hauc
703 4996 783 5053 lldem
802 4997 986 5067 vindicantes,
1041 5002 1148 5058 stianis.
1174 4999 1287 5056 Factum
1303 5007 1346 5055 cst
1359 4998 1467 5070 quidem
1485 5007 1565 5064 tunc,
1582 4999 1646 5067 qnia
1659 5006 1686 5052 et
1712 4996 1757 5050 illo
1774 5004 1843 5051 tem·

186 5109 268 5167 qnam
283 5106 345 5150 cum
360 5090 477 5162 primunt
492 5089 690 5159 delendercnt,
704 5093 821 5149 convicti
835 5093 987 5149 rationibus
1041 5108 1109 5166 pore
1130 5092 1157 5149 id
1172 5093 1260 5163 ipsum
1276 5091 1367 5147 divina
1381 5090 1441 5160 lege
1456 5088 1514 5145 lleri
1530 5089 1629 5146 licebat
1645 5130 1652 5154 ‚
1668 5088 1779 5159 quando
1791 5087 1842 5142 ad·

224 5258 232 5289 ¹
250 5253 361 5312 Freette.
375 5252 458 5310 Certo
471 5252 572 5309 certius
587 5260 644 5317 cst,
657 5266 706 5323 pro
720 5251 819 5322 fruens,
835 5251 915 5307 unius
937 5251 987 5307 ad·
1041 5254 1118 5325 pueri
1130 5251 1360 5308 animadvertunt.
1378 5251 1417 5308 hc
1432 5251 1548 5322 plurima
1570 5251 1668 5321 passim
1684 5252 1711 5306 in
1734 5251 1787 5308 isto
1802 5251 1844 5306 ri-

187 5325 337 5382 ditamento
353 5327 470 5391 litterae,
487 5327 585 5398 [errem
602 5323 744 5393 scripsisse
759 5331 895 5378 auctores.
921 5321 987 5377 Fer·
1042 5324 1150 5380 rulento
1163 5323 1282 5391 quidem,
1295 5323 1342 5379 scd
1360 5335 1449 5380 tamen
1461 5324 1519 5379 utili
1531 5338 1562 5378 ac
1572 5322 1753 5378 disertissimo
1774 5337 1843 5391 opn-

187 5413 245 5453 rere
259 5408 349 5453 autem
361 5398 526 5454 emulatione
538 5396 596 5452 site
607 5396 796 5451 ittcensissima
816 5393 986 5460 cupiditate,
1039 5397 1115 5453 scuto
1136 5395 1206 5452 laeda
1229 5405 1292 5451 sunt
1307 5397 1399 5453 ulcera
1412 5437 1420 5462 ,
1435 5411 1495 5466 quaa
1515 5395 1647 5450 medicam
1664 5393 1844 5465 opperiuntur

188 5468 453 5595 praeterquamquod
468 5471 625 5549 κυριώτατον
639 5474 699 5533 est,
715 5466 821 5522 dnohtts
833 5464 894 5520 aliis
909 5465 989 5534 hujus
1042 5468 1301 5534 mantunllteocta,
1315 5469 1333 5524 Ι.
1346 5485 1374 5523 c.

201 5537 274 5595 theth
287 5540 352 5594 locis
365 5538 499 5596 hrtttatur.
513 5541 645 5596 Nimirum
658 5540 728 5595 inlra
745 5538 760 5612 5
775 5537 812 5594 23
828 5535 990 5608 :Eplteaiem
1077 5541 1088 5572 ¹
1100 5538 1258 5596 correctae.
1274 5538 1390 5596 Notinne
1400 5538 1572 5594 intransitiva
1584 5553 1632 5608 pro
1643 5553 1673 5594 se
1682 5538 1841 5592 correxisse:

165 5654 168 5658 .
189 5611 339 5681 episcopum
357 5620 452 5665 mactae
465 5626 536 5667 rtost
558 5625 743 5668 amatamque
768 5621 941 5664 raatsntstt.
958 5607 992 5663 bt
1042 5612 1121 5668 sicuti
1137 5623 1165 5667 et
1178 5630 1255 5683 scarpo
1280 5620 1307 5665 et
1325 5628 1371 5684 per
1388 5627 1415 5674 o,
1429 5624 1463 5665 ex
1477 5610 1579 5680 corrigo
1603 5619 1630 5665 et
1652 5609 1755 5682 perriqo
1778 5623 1845 5664 con·

189 5695 248 5752 aeq.
264 5677 329 5752 §ll
348 5680 416 5751 :leid
433 5681 546 5756 ditinum
561 5681 750 5738 cemeludottem
755 5718 824 5737 ......
840 5695 989 5736 mamaea·
1044 5693 1141 5749 tracta,
1156 5694 1253 5741 neutra
1267 5694 1340 5739 aunt.
1382 5693 1490 5750 mecm,
1507 5680 1572 5736 ilia.

187 5748 256 5810 liant
277 5746 378 5823 [e‘rrettt
389 5760 417 5807 et
428 5751 565 5808 reuehat
579 5767 642 5812 ease
655 5754 768 5812 omniuo
784 5765 936 5822 synonyma
949 5740 993 5807 rel
