3900 6134
798 249 921 308 sorori
940 243 1068 308 otutsl
1085 244 1189 308 turre
1776 238 1832 307 liro

181 256 229 310 dil

181 464 307 521 Petrilms
320 464 346 516 itt
362 462 478 541 concilio
499 461 608 517 Nieaetm
632 463 740 530 seri-ptis
760 462 864 532 Prodita
877 479 884 515 t
896 462 979 532 itique
1030 461 1079 522 ἤδη
1104 464 1154 540 γάρ
1174 462 1243 528 ἅπαξ
1261 464 1342 520 τύπον
1361 462 1498 536 θδόικαμον,
1513 464 1553 520 ἶνα
1569 465 1727 537 όγινὼσκων
1739 467 1829 522 ἑαυτὸν

181 571 212 610 ee
225 555 338 626 gradum
353 558 429 609 lirum
450 555 609 625 deligentes,
624 556 776 611 immobiles
793 567 932 625 perstate:
952 566 980 609 et
1032 557 1184 632 χριστιοινόν
1197 557 1277 610 ἐκεῖνο
1298 557 1419 630 φυλάττοι
1439 555 1502 629 ὅπερ
1522 560 1596 634 παρά
1611 565 1663 615 τῶν
1684 559 1829 615 ἀποστόλων

182 664 217 703 ne
243 651 357 714 pnstlree
373 649 515 712 sustinete,
530 657 559 703 ut
569 649 610 703 trel
629 650 720 704 elerici
749 650 840 716 vestri,
861 649 902 703 rel
919 649 978 704 leiei
1031 646 1170 725 παρεδόθη.
1195 648 1311 722 λέγοντος
1335 655 1381 705 τοῦ
1411 649 1485 724 ἁγίου
1513 651 1622 713 Παύλου,
1647 648 1679 707 ui
1695 674 1736 712 τις
1761 653 1830 725 ὑμᾶς

183 739 277 792 ἰηοοον
292 754 444 807 sermones,
465 739 683 808 qrraestionesrpte
706 741 835 795 obscuros
859 741 977 795 audient.
1035 740 1223 814 εὐαγγελίζεται
1234 741 1297 816 παρ’
1310 737 1323 796 ό
1336 741 1508 819 repellerer.
1521 744 1634 817 ἀνάθεμα
1647 742 1726 819 ι’στῳ.
1737 745 1768 800 ὀ
1782 747 1830 822 γὰρ

182 830 242 889 lom
270 849 322 887 mitt
334 833 417 887 setttel
433 832 575 887 lottttttlam
589 833 737 900 editiores,
754 843 784 889 ui
795 835 841 905 otti
857 850 887 889 se
906 835 979 891 citri·
1035 833 1242 910 Χροστὸςόυίός
1258 840 1302 890 τοῦ
1313 841 1388 902 Orod,
1406 834 1419 890 ό
1436 838 1673 913 Κύριοςήμῶν,τῷ
1695 841 1762 913 ’μόνοι
1782 847 1832 896 τῶν

182 927 300 980 ttisttrum
318 925 488 995 profiteatur,
509 923 576 980 illttd
590 928 777 996 lettettt.qttod
797 928 832 982 ub
850 927 980 996 apostulis
1035 925 1172 1000 &sipiritus
1192 923 1234 978 διὰ
1254 932 1301 980 τοῦ
1316 924 1379 980 idion
1402 928 1502 989 πάθους
1516 928 1693 1005 πληρεστάτην
1713 929 1832 988 ἀπέδωκα

183 1019 310 1071 tradition
326 1026 377 1082 νοω
396 1018 495 1087 quippe
515 1017 644 1073 divinitus
658 1017 756 1073 Paulus
783 1019 822 1074 sic
841 1017 979 1087 loquitur:
1032 1024 1079 1078 τόν
1100 1021 1241 1094 σωτηρίαν,
1260 1018 1301 1073 ἶνα
1322 1017 1378 1073 ὅλον
1397 1020 1441 1073 τόν
1461 1016 1592 1096 ἄνθρωπον
1614 1030 1671 1082 ταῖς
1690 1021 1834 1100 ἁμαρτίαις

186 1111 216 1166 Si
240 1111 301 1180 orris
316 1111 393 1166 tollis
405 1105 745 1181 eiuttgelizoterit'preter
767 1110 793 1165 td
813 1109 885 1180 qood
904 1124 982 1164 ucce-
1037 1108 1198 1179 ἐνεχόμενον,
1216 1109 1302 1169 πάσης
1322 1107 1450 1182 ἁμαρτίας
1470 1110 1635 1186 ἐλευθερώσῃ.
1651 1119 1743 1168 Τοῦτον
1756 1112 1782 1168 οἵ
1792 1135 1834 1175 τις

183 1205 272 1275 pistis,
284 1204 428 1260 etretlreme
439 1206 485 1260 sit.
500 1205 566 1259 mn
580 1202 706 1260 Christus
719 1204 738 1258 F
741 1203 805 1258 ilius
822 1204 878 1267 uei,
893 1201 983 1258 liorni-

183 1317 233 1355 nus
248 1309 351 1367 noster,
364 1300 458 1370 generi
475 1302 593 1353 lrurrrono
606 1315 652 1369 per
667 1300 821 1368 passionem
835 1312 910 1351 sueni
927 1298 983 1365 ple-

183 1391 322 1446 nissimam
338 1396 452 1445 salutern
471 1391 598 1456 reddidit,
615 1402 643 1445 ut
659 1401 744 1445 totum
767 1390 904 1444 lnnrninern
917 1403 981 1459 peo-

184 1488 253 1540 cetis
267 1486 432 1556 implicatum
448 1485 482 1539 alr
500 1484 572 1539 turini
589 1494 699 1553 pert-eto
714 1484 853 1538 liberaret.
870 1482 945 1536 lluue
960 1482 983 1535 si

184 1581 246 1650 onis
260 1589 306 1633 out
317 1579 501 1648 imperfectam
518 1576 726 1640 humanitatem,
743 1571 983 1644 eutirnperleetam

185 1673 353 1727 divinitatem
364 1673 493 1727 {tabuisse
506 1664 623 1737 dixerit,
638 1670 733 1741 spiritu
748 1670 846 1724 diaboli
859 1668 982 1738 eomple-

1035 1199 1092 1258 νότοι
1106 1200 1303 1275 άνθρωπότητος
1318 1200 1333 1258 ά
1354 1201 1470 1263 θεότητος
1486 1198 1593 1259 ἔλαττον
1605 1204 1745 1276 ἐσχηκέναι
1754 1202 1833 1272 εἴποι,

1034 1297 1179 1366 πνεύματος
1200 1293 1320 1351 traillon
1344 1296 1558 1374 πεπληρωμένος,
1585 1304 1631 1360 τῆς
1660 1301 1759 1374 prisone
1780 1300 1835 1356 eiiii

1035 1386 1125 1441 θαητὸν
1147 1383 1319 1442 άποόείκννσο.
1338 1388 1368 1441 Ti
1386 1390 1471 1443 τοίνυν
1490 1389 1564 1443 πάλιν
1578 1386 1640 1467 παρ’
1654 1390 1716 1462 ἐμοῦ
1737 1393 1835 1455 ζηττίτε

1035 1484 1081 1538 τόν
1094 1480 1239 1557 καθαίρεσιν
1252 1480 1383 1552 Τιμοθέου,
1395 1476 1422 1541 ir
1433 1483 1475 1537 καθ
1484 1483 1594 1537 θνταῦθα
1607 1484 1691 1559 κρῖστι
1705 1480 1836 1544 τῆτἏπο-

1040 1572 1160 1633 στολικὴς
1171 1571 1306 1648 καθέδρας.
1319 1584 1446 1651 παρόντος
1456 1575 1603 1648 ααίΠθτρου
1619 1581 1665 1629 τοῦ
1679 1572 1836 1631 Ἐπισκόπον

1037 1678 1084 1724 της
1098 1661 1275 1740 ’Δλτξανθράων
1296 1664 1393 1724 πόλεως
1415 1665 1548 1740 καθῃρέθη.
1574 1663 1628 1737 ἅμα
1641 1672 1678 1738 τῷ
1690 1663 1839 1737 διδασκάλῳ

185 1763 373 1828 nescitum
389 1768 521 1835 gelrenrrm
536 1764 664 1819 ostendit.
681 1763 774 1833 ltaque
786 1760 851 1833 quid
869 1769 924 1827 est,
935 1775 984 1816 cur
1000 1776 1024 1839 B
1037 1756 1313 1835 αὐτοῦ’Δπολλινοιρίῳ,
1325 1762 1367 1812 καὶ
1377 1759 1402 1812 ἐν
1412 1759 1496 1833 ἡμέρᾳ
1510 1766 1556 1819 της
1567 1762 1676 1834 κρίσεως
1685 1761 1733 1818 τὰς
1743 1758 1840 1832 rigerio·

186 1858 383 1913 abdicationem
401 1857 536 1912 Tmrotlrei
550 1874 565 1911 ο
579 1873 622 1912 me
646 1872 740 1912 rursus
760 1857 914 1927 reipriretis,
940 1856 985 1926 qni

1037 1853 1115 1924 μένας
1125 1853 1250 1926 τιμωρίας
1259 1854 1300 1905 καὶ
1311 1851 1442 1922 βασάνους
1453 1852 1583 1922 ὑπομένει.
1599 1854 1626 1905 Εἰ
1636 1849 1663 1906 δὲ
1673 1874 1743 1913 τινας
1750 1873 1840 1924 neupo-

186 1952 268 2004 etianr
293 1953 336 2004 trie
355 1951 458 2019 judicio
482 1951 555 2004 sedis
574 1949 741 2020 apostolieae,
773 1951 852 2003 l’etro
880 1962 987 2019 oririque
1039 1942 1129 2018 τόροντ
1152 1942 1233 1996 πείθει
1252 1941 1342 2002 ἐκεῖνος
1362 1943 1396 2002 ὥς
1418 1963 1476 1996 τινα
1502 1941 1592 1998 deride
1609 1940 1691 2013 ἔχων,
1711 1940 1841 2003 ὅστιςτόν

188 2043 317 2112 episeopo
344 2042 518 2097 Alexandriae
541 2054 686 2111 praesente,
712 2042 851 2097 erudiemus
878 2051 920 2097 est
935 2057 987 2097 una
1038 2036 1117 2096 ἀληθῆ
1137 2032 1227 2091 liuida
1247 2042 1292 2094 τὴν
1314 2039 1351 2096 εἰς
1368 2037 1478 2111 Χριστόν
1499 2044 1531 2110 τῇ
1558 2035 1678 2110 ὁμολογίᾳ
1699 2035 1840 2106 μοτὲθοιλι,

188 2152 249 2191 eum
273 2138 401 2205 rnngistrn
422 2151 472 2190 sno
499 2138 670 2206 Apollinare,
685 2139 729 2207 qni
745 2137 846 2191 iteruin
860 2136 904 2192 die
915 2137 989 2207 jndi-
1046 2133 1112 2203 μετὰ
1133 2132 1225 2185 τούτου
1246 2128 1339 2201 ὁμοίως
1358 2129 1490 2185 ἀπολεῖται
1512 2127 1584 2191 ὅστις
1602 2127 1696 2188 όόποτι
1717 2128 1841 2201 βούληται

188 2231 222 2283 eii
246 2228 352 2284 debitus
372 2245 466 2299 poeuus
481 2241 508 2285 ei
533 2230 665 2300 supplicia
690 2230 835 2300 persolvet.
862 2232 938 2299 Quod
964 2231 987 2285 si
1042 2232 1079 2298 τῷ
1093 2224 1178 2280 κανόνι
1195 2231 1241 2283 τῆς
1262 2219 1409 2281 Ἐκκλησίαν
1433 2221 1626 2276 άντιπαλαῐσαι.
1641 2219 1671 2275 ‘0
1689 2222 1752 2281 Θνθς
1773 2221 1842 2293 *ittae

124 2355 126 2358 ι
189 2319 246 2381 ille,
267 2321 311 2390 qui
340 2336 430 2376 reram
455 2336 530 2391 spem
557 2323 583 2377 iu
607 2322 745 2377 Clrristum
771 2339 897 2380 unacum
926 2323 988 2379 lidei

190 2412 363 2467 confessione
378 2416 505 2481 uiuunt,
530 2414 606 2470 velut
630 2430 707 2484 spem
730 2416 874 2484 quarrrdnm
894 2417 990 2472 salutis

192 2509 324 2578 retinens,
336 2511 556 2581 eirosqnosdanr,
571 2513 616 2582 qui
634 2522 698 2569 suot
718 2514 845 2582 leviores,
865 2514 900 2571 ud
913 2529 989 2570 suem

1043 2317 1203 2388 deterioretur
1213 2313 1388 2388 διαφυλάττοι,
1401 2313 1451 2368 υἱοὶ
1460 2315 1617 2385 τιμιώτατοι.

192 2600 325 2672 perducet
339 2603 521 2669 sententiam3
547 2604 635 2659 seiont
658 2605 708 2671 illi,
734 2619 766 2661 se
778 2618 923 2676 propterea
944 2622 1006 2662 enm
1034 2623 1067 2664 eo
1096 2607 1222 2664 similiter
1240 2605 1389 2676 perdures,
1404 2599 1477 2671 qriod
1503 2600 1621 2656 oninium
1639 2596 1784 2669 aliquando
1800 2597 1844 2652 in·

194 2694 321 2755 duxerint
334 2698 463 2755 Ecclesiae
475 2700 572 2755 cononi
597 2715 760 2770 repugnare.
776 2701 847 2757 Deus
862 2716 929 2768 ros,
944 2701 993 2758 lilii
1013 2701 1227 2767 hoirnratissimi,
1243 2697 1503 2755 serretiucolomes.

433 2834 631 2900 Eristotl
661 2836 746 2901 vttl.

377 2954 473 2994 utelst
487 2955 561 2995 PAPAE
577 2954 611 2994 lu
626 2954 806 2996 utunomttttltt.

196 3050 267 3118 Quid
279 3053 350 3123 opud
364 3050 487 3107 llelroeos
498 3065 569 3108 torret
586 3054 721 3122 llosanrto,
740 3055 873 3125 perspicuo
886 3057 935 3110 sibi
948 3073 992 3111 eo-

498 3150 590 3220 plt'ctrri
604 3161 688 3223 rogat.

196 3241 375 3298 llilectissituo
399 3242 456 3297 lilio
474 3242 639 3314 llieronynro
660 3244 789 3298 derrrasus
807 3243 994 3314 episcopusin

470 3333 720 3390 llorninosulutern.
765 3389 771 3396 ,

232 3427 433 3482 commentaria
453 3424 513 3482 e'um
532 3427 649 3496 legerent
664 3427 761 3484 Graeeo
773 3429 923 3500 Latinoque
938 3445 996 3485 ser-

197 3533 278 3572 mone
295 3519 320 3571 in
338 3517 547 3588 Evangeliornm
560 3518 784 3588 interpretatione
802 3537 816 3574 ο
832 3520 949 3587 nostru,
969 3521 995 3576 id

196 3619 264 3666 esti
285 3609 445 3666 oritodons
468 3612 543 3679 viris,
559 3613 622 3666 olim
638 3627 669 3667 ae
684 3628 770 3684 nuper
789 3615 888 3686 scripta
910 3617 943 3670 de
963 3631 996 3669 eo

196 3705 268 3777 qood
284 3705 399 3777 legitur:
419 3703 543 3761 llororrrto
563 3705 619 3776 filio
639 3705 724 3760 David
735 3724 745 3774 ,·
771 3724 823 3762 noo
846 3708 935 3762 solum
955 3707 997 3761 di·

197 3804 294 3864 versa,
315 3799 362 3854 sed
384 3801 466 3854 etiem
482 3799 617 3854 contrarie
635 3800 743 3853 silriruet
757 3800 907 3868 prolernnt.
926 3798 997 3855 llile-

195 3895 293 3948 erinnis
309 3903 360 3947 tnae
375 3901 433 3958 est,
449 3899 478 3945 ut
495 3890 601 3949 ardenti
623 3892 666 3946 ilio
685 3891 855 3946 strenuitatis
869 3892 995 3961 ingenio,

196 3983 309 4037 abscisis
327 3981 521 4051 opinionibus,
544 3980 819 4052 uitrbigoitattbnsque
839 3981 996 4051 supplosis,

197 4074 261 4146 quid
278 4089 306 4129 se
321 4073 418 4129 liabent
432 4073 503 4142 apud
517 4072 663 4140 llehroeos,
680 4074 741 4128 vito
755 4089 837 4129 sensu
851 4075 955 4130 serilrns
967 4083 998 4129 ut

199 4180 226 4222 et
245 4167 279 4221 de
302 4165 355 4221 line
374 4167 444 4221 sieut
465 4173 493 4219 et
514 4166 548 4220 de
569 4164 671 4232 multis,
695 4168 742 4222 tibi
762 4182 835 4223 corre
849 4179 949 4223 nostrie
971 4169 998 4224 in

198 4256 309 4316 Christo
322 4257 385 4314 lesu
399 4259 500 4330 gratias
513 4255 641 4313 reserent.

460 4379 657 4442 Ertstouu
679 4380 737 4444 tx.

385 4509 482 4551 mm
497 4509 570 4549 PAPAE
584 4508 618 4549 tu
630 4508 814 4551 ΙΙῙΙΙλΟΜΙΰΙ.

202 4610 307 4677 Qoonto
320 4608 441 4664 ariditate
463 4606 615 4678 llieronpmi
631 4608 729 4672 scripto
749 4607 852 4662 lectitet.
877 4604 929 4662 Cur
948 4626 999 4664 οοο

235 4701 295 4772 pori
317 4701 401 4756 studio
423 4697 524 4770 legetb
550 4697 679 4752 tocrnrnn'
702 4699 789 4753 libros.
815 4698 998 4771 deturpent

236 4794 388 4869 questiones
401 4791 448 4843 ridi
463 4788 635 4858 llierorrpntos
649 4791 739 4862 poecis
753 4791 845 4847 solvat.

304 4882 486 4942 Dilectissimo
501 4883 556 4936 tilio
570 4882 734 4956 liieronymo
749 4885 891 4943 llurrrosos.

238 4979 421 5039 liorrnienteru
440 4981 476 5040 te,
497 4983 525 5029 et
547 4975 627 5045 longo
645 4976 702 5047 joni
724 4989 844 5049 ternpore
861 4981 997 5053 legemem

239 5130 253 5160 ιι
272 5117 332 5175 Non
342 5110 454 5167 deerant
472 5109 577 5164 [larrnsi
596 5104 765 5182 tenporibus
776 5114 877 5238 νοτόριν
893 5115 1001 5173 hereti·

203 5208 312 5257 eorum,
337 5183 382 5254 qui
401 5176 524 5236 doctrina
546 5182 706 5252 ingenioque
727 5184 803 5239 ebusi
838 5197 948 5252 nerent,
972 5196 1001 5243 ot

205 5262 300 5324 nntntr
313 5259 358 5314 ille
372 5255 405 5309 nl)
417 5268 510 5308 enrinn
529 5251 644 5306 lectione
661 5268 774 5318 uetere,
790 5269 915 5312 secusne
931 5274 998 5324 stirs,

203 5336 249 5408 oiri
266 5345 319 5388 ιοιιι
333 5331 412 5397 longe
424 5321 459 5379 all
473 5325 531 5393 eius
541 5332 684 5378 serictrtnte
697 5323 845 5390 distemus,
856 5341 889 5382 ac
902 5330 999 5396 quipus

204 5404 318 5464 tuiridre
339 5401 447 5466 sapiunt
467 5412 520 5449 nou
543 5393 732 5450 tnrrretienrunr
753 5405 867 5464 tantum,
892 5400 938 5456 sed
965 5415 997 5456 ot

205 5479 261 5547 ipso
283 5469 503 5538 impiissimorum
519 5469 657 5520 ltnrrtiunm
677 5474 796 5535 scripti,
819 5470 917 5537 qmpus
929 5472 998 5528 epm,

204 5554 291 5601 stiarm
310 5542 404 5609 religio
421 5534 537 5592 ludibrio
549 5547 608 5604 est,
621 5550 703 5606 atoue
718 5538 745 5594 itt
759 5539 792 5592 iis
809 5540 945 5610 ligendi,⁸
965 5557 999 5599 ,ο

206 5607 999 5684 laudandiseruditionisgloriolamenptemtts,quamquam

206 5700 268 5744 eum
283 5687 391 5752 pretatis
402 5695 434 5733 oe
448 5677 511 5733 lidei
522 5682 626 5749 inetur„
638 5682 819 5750 totrjttoetern,

243 5757 257 5815 l
277 5757 316 5827 llo
331 5752 506 5825 imbuerem
531 5754 592 5819 loto
611 5768 867 5851 emperiappsgp„
884 5762 1002 5841 gisum

1044 2841 1239 2910 potiusquam
1255 2838 1435 2900 scribentem,
1453 2830 1657 2907 questiunculis
1672 2822 1704 2889 od
1715 2831 1845 2889 remissit

1045 2930 1163 2991 euellere
1173 2930 1310 3003 disposui:
1330 2947 1383 2986 non
1393 2946 1446 3001 oon
1456 2941 1481 2984 et
1497 2928 1585 3000 legeie
1599 2938 1651 2983 uon
1662 2925 1778 2988 debetur
1792 2918 1847 2979 ltoe

1046 3025 1119 3081 enim
1135 3026 1216 3079 velini
1234 3023 1392 3095 qrrotidiano
1406 3022 1467 3076 eilto
1482 3021 1562 3076 alitur
1576 3030 1601 3075 er
1623 3017 1776 3091 pinguescit
1788 3029 1848 3071 ore·

1047 3119 1102 3174 tio:
1126 3119 1172 3173 sed
1193 3118 1264 3189 qnod
1285 3118 1410 3172 lectionis
1424 3116 1528 3170 truntns
1546 3115 1580 3167 sir
1601 3112 1663 3176 iste,
1686 3111 1709 3166 si
1729 3109 1846 3166 serilus.

1048 3204 1142 3282 ltaque
1157 3211 1284 3283 quintiani
1300 3219 1328 3266 et
1343 3221 1353 3249 ν
1368 3208 1426 3264 lteri
1444 3207 1585 3263 tabellario
1599 3204 1632 3261 od
1653 3218 1696 3261 me
1713 3203 1846 3268 remisso,

1049 3307 1137 3363 nullus
1153 3317 1178 3360 te
1191 3307 1246 3375 inni
1262 3304 1393 3377 epistolas
1407 3301 1509 3356 lralrere
1524 3298 1631 3362 dixisti,
1647 3296 1769 3366 exeeptis
1785 3294 1846 3361 liis,

1048 3412 1117 3471 quos
1132 3398 1278 3470 aliqnando
1295 3397 1321 3449 in
1343 3396 1456 3450 lteretno
1471 3392 1641 3457 tlietnrerts,
1656 3400 1779 3461 quasque
1791 3397 1846 3442 tota

1048 3485 1177 3548 miditnte
1199 3492 1251 3562 legi
1267 3499 1347 3560 atque
1363 3488 1493 3557 descripsi
1508 3503 1515 3551 ;
1537 3494 1567 3540 et
1585 3486 1655 3539 ultro
1668 3476 1805 3554 pollicitus
1818 3496 1848 3536 es

1047 3598 1074 3642 te
1088 3582 1192 3640 lirrtivis
1206 3583 1323 3637 noctium
1345 3581 1435 3650 operis
1456 3579 1574 3647 aliquos,
1591 3577 1613 3632 sl
1631 3577 1745 3638 vellem.
1766 3588 1848 3645 posse

1048 3678 1169 3740 dietnr·e;
1187 3674 1304 3729 liin-nter
1321 3672 1422 3743 accipio
1435 3672 1468 3725 :tlt
1484 3669 1631 3737 oliereme,
1660 3667 1733 3740 quoti
1750 3682 1848 3737 rugire

1048 3770 1198 3833 rutnernn,
1211 3768 1293 3823 etiem
1309 3766 1331 3819 si
1347 3779 1485 3836 negasses.
1498 3762 1591 3834 Neque
1607 3776 1672 3816 reru
1685 3760 1766 3815 ollem
1781 3771 1846 3829 puto

1048 3861 1197 3933 digniorem
1208 3857 1397 3927 disputationis
1407 3865 1506 3911 nostum
1515 3854 1764 3909 confabulationem
1776 3854 1847 3916 lore,

1046 3968 1128 4024 qinom
1151 3953 1174 4007 si
1195 3950 1396 4019 descriptoris
1417 3949 1632 4004 sermocinemur
1647 3945 1719 4000 inter
1733 3956 1802 4005 uos:
1820 3940 1847 3994 id

1049 4054 1101 4111 est,
1115 4057 1142 4099 ut
1154 4060 1204 4115 ego
1215 4045 1393 4114 interrogem,
1410 4051 1438 4094 tu
1451 4039 1628 4109 respondeas.
1643 4037 1700 4104 Qus
1713 4035 1767 4090 lite
1780 4034 1847 4089 trilril

1049 4148 1114 4210 puto
1127 4140 1153 4194 iu
1168 4139 1218 4193 imo
1229 4137 1286 4192 loee
1294 4133 1440 4207 jucundius
1453 4150 1460 4197 ς
1476 4148 1529 4201 ouo
1539 4129 1638 4185 otrirore
1649 4130 1746 4200 pabulo
1756 4143 1790 4180 on
1803 4126 1848 4181 uia

1050 4234 1129 4289 mello
1148 4240 1320 4303 superantur.
1348 4229 1432 4295 Quom
1455 4226 1561 4291 dulcio,
1583 4225 1670 4295 irtrprit
1692 4220 1846 4291 rroptnn,

1049 4329 1209 4402 pottroimeo
1222 4325 1322 4396 eloquia
1337 4334 1391 4388 tuo,
1406 4336 1485 4391 super
1503 4319 1552 4375 ruet
1573 4319 1611 4372 ori
1627 4332 1692 4371 meo.
1704 4314 1771 4371 Noto
1785 4329 1847 4370 eum

1050 4422 1169 4486 ideireo,
1194 4430 1223 4475 ut
1242 4420 1280 4474 ait
1295 4419 1446 4488 praeeipons
1458 4426 1565 4475 orator,
1583 4413 1708 4469 ltontioes
1722 4427 1737 4464 ο
1751 4410 1848 4466 bestiis

1050 4504 1221 4577 dillernmus,
1241 4510 1318 4581 quod·
1327 4509 1401 4582 loqui
1416 4523 1560 4580 possumus
1573 4525 1579 4561 :
1592 4523 1643 4578 qne
1660 4505 1738 4562 londo
1751 4505 1848 4574 dignus

1050 4617 1102 4674 est,
1125 4607 1170 4675 qui
1189 4606 1216 4659 in
1237 4620 1268 4659 ea
1289 4619 1319 4659 re
1337 4612 1451 4659 eeteros
1466 4607 1593 4673 superet,
1610 4601 1636 4655 in
1655 4615 1707 4669 nuo
1724 4597 1848 4655 lionriner

1051 4698 1152 4755 trestias
1165 4697 1346 4753 otrtecellnoti

1087 4794 1236 4864 Accingere
1260 4794 1351 4862 igitur,
1371 4801 1398 4847 et
1419 4791 1484 4845 milri
1504 4805 1563 4858 que
1578 4788 1697 4858 subiecta
1714 4795 1779 4841 sunt
1794 4785 1851 4841 dis-

1052 4904 1129 4955 sere,
1150 4902 1263 4942 servans
1278 4885 1420 4957 utrobique
1435 4884 1626 4950 moderamen,
1639 4891 1669 4939 ut
1685 4898 1734 4939 nee
1748 4896 1850 4953 propo·

1052 4984 1104 5040 sito
1118 4972 1282 5053 solutionem
1299 4976 1467 5045 desiderent,
1485 4991 1536 5033 nee
1550 4975 1664 5046 epistola
1677 4955 1850 5030 lrrerrtotern'.

1054 5116 1143 5173 tirel.
1160 5115 1189 5170 P.
1204 5113 1361 5169 Edovnrdus
1379 5127 1394 5167 e
1408 5111 1438 5168 S.
1454 5111 1599 5168 Franrisco
1611 5109 1748 5175 llarerio,
1766 5123 1780 5163 a
1795 5124 1852 5179 qno

1054 5204 1170 5250 ηονοιη,
1186 5197 1264 5255 atque
1280 5184 1400 5238 nnntnnt
1416 5183 1546 5239 tierneo
1562 5196 1673 5253 interum
1703 5181 1853 5236 nerui-otis·

1053 5259 1149 5314 slrrran
1167 5257 1313 5311 editionem
1337 5255 1495 5310 odnrumam
1509 5254 1582 5326 jem,
1604 5267 1636 5308 rte
1654 5251 1771 5307 inlr-illre
1786 5251 1851 5307 illu·

1051 5340 1164 5384 titutum
1179 5344 1285 5382 sciptor.

1089 5400 1101 5434 ⁸
1124 5401 1254 5455 linrnriins
1271 5412 1333 5453 eum
1354 5399 1381 5453 in
1397 5398 1515 5453 solinum
1535 5411 1612 5452 soom
1629 5395 1780 5450 induxisset
1793 5393 1852 5462 epl-

1052 5471 1148 5527 stolam
1171 5471 1239 5526 trane
1260 5473 1295 5526 nli
1308 5468 1474 5541 llieronyrno
1494 5467 1690 5539 llierosnllmls
1710 5472 1850 5531 acceptam

1053 5544 1148 5607 luisse,
1166 5543 1228 5598 lrinr.
1243 5542 1385 5612 legernlnm
1399 5538 1580 5601 eti-timorit,
1596 5538 1724 5607 urnulam
1742 5534 1851 5591 erroro

1054 5615 1213 5681 Τιιθοθοηό,
1229 5614 1300 5683 rprod
1317 5611 1488 5667 etllorinnus
1501 5613 1625 5681 erripuit.
1640 5608 1739 5663 Veram
1756 5608 1852 5662 lertio-

1054 5703 1115 5743 tteut
1131 5698 1251 5743 reterom
1272 5687 1395 5742 endtcnrn
1413 5696 1548 5740 consensu
1565 5691 1703 5752 occeptum
1723 5696 1778 5736 ttott
1790 5695 1852 5735 mu·

1054 5758 1163 5837 uolent
1176 5770 1247 5845 ανον,
1258 5768 1286 5821 ον
1295 5773 1357 5851 gne
1369 5759 1397 5820 in
1408 5756 1543 5847 repertori
1555 5757 1659 5829 popm
1668 5751 1850 5876 tttttttimmt
