3900 6134
139 224 209 284 {le
779 211 891 272 subet
893 208 904 268 l
922 207 1036 268 SlRlCll
1055 205 1156 268 PAPAE
1716 208 1796 269 1136

134 355 235 399 anenno
249 336 356 400 diebus,
367 333 401 389 ud
413 332 494 388 tidem
506 327 707 386 confluentibus
719 325 856 396 generalia
870 325 936 394 bap·
948 333 976 396 A
988 324 1085 392 dotes,
1102 322 1146 394 qni
1163 321 1259 377 nolunt
1272 319 1307 375 ab
1321 320 1478 390 apostolicae
1493 329 1589 393 petre,
1607 335 1693 394 super
1707 337 1794 394 qnam

136 435 252 490 tisrnntis
275 429 342 486 tradi
366 424 493 482 conuenit
517 431 709 490 sacramenta,
733 420 775 474 liis
796 419 937 475 dumtaxat
987 414 1109 472 Christos
1122 413 1306 471 universalem
1317 412 1796 482 construxitEcclesiumsoliditate

134 530 254 591 electis,
275 524 321 594 qm
341 532 405 579 ante
421 518 603 593 quadraginta
624 517 665 572 nel
685 531 718 570 eo
738 513 855 583 amplius
878 512 938 567 dies
988 509 1080 566 diuelli
1097 507 1204 581 (ilottlr.
1218 523 1273 575 rur,
1291 505 1347 578 lb).

137 635 237 677 iromen
252 616 390 682 dederint,
406 620 434 669 et
448 608 627 676 exorcismis,
640 606 858 679 quotidianisque
873 619 938 659 ora·
1024 603 1090 659 Car.
1104 602 1213 659 ili-u
1230 603 1361 669 Apostolos
1374 615 1509 673 uuorpore
1523 600 1798 670 Clrrirtinbseidendi,

136 713 257 770 tiorubus
279 719 362 778 atque
390 703 501 777 isflomis
526 702 629 759 luerint
652 698 779 770 expiati;
805 706 939 770 quatenus
988 699 1034 753 sed
1057 696 1238 769 penitentibus
1258 711 1310 750 rrou
1323 693 1442 764 trepondo
1458 695 1487 749 in
1501 695 1552 764 liure
1568 697 1721 752 uiteoenio.
1740 695 1801 752 Ad·

136 805 295 881 Apostoliea
312 803 360 859 illa
383 800 528 870 impleatur
551 795 698 867 preceptio
714 794 736 864 (i
751 792 811 848 Cor.
836 807 874 858 r,
888 790 938 860 1),
987 790 1089 862 jectum
1104 799 1146 847 est
1161 789 1243 845 etiam
1259 831 1266 856 ,
1287 787 1421 860 quosdam
1444 786 1613 846 Christianos
1632 789 1668 846 ad
1684 798 1801 863 aposta-

137 909 168 958 ut
188 904 341 968 expurgato
356 893 492 949 termento
513 889 599 945 ueteri
617 929 624 956 ,
652 901 723 942 nova
746 885 858 956 incipiat
878 896 940 939 esse
989 884 1079 952 siam,
1093 880 1232 954 quoddiei
1248 881 1397 948 ueiasest,
1414 889 1596 952 transeuntes,
1614 892 1642 940 et
1653 883 1799 942 idolorum

136 985 308 1060 consparsio.
323 985 547 1042 Sicutbsaeram
567 994 633 1051 ergo
646 977 801 1049 paschalem
812 990 940 1032 reveren·
990 978 1064 1034 cultu
1086 991 1118 1033 ae
1142 973 1339 1031 sacrificiorum
1363 974 1597 1032 contaminatione
1621 974 1799 1047 profanatos.

137 1087 202 1142 tiam
219 1083 245 1137 in
263 1078 340 1135 nulio
353 1077 472 1133 dicimus
491 1088 552 1130 esse
567 1070 758 1136 minuendam;
775 1070 811 1124 ita
827 1067 939 1124 iniarni·
991 1069 1066 1139 Quos
1085 1085 1099 1124 a
1119 1067 1221 1124 Cirristi
1234 1082 1349 1137 corpore
1368 1075 1396 1123 et
1419 1067 1570 1138 sanguiue,
1588 1077 1668 1139 eqno
1689 1067 1801 1125 dudum

138 1181 189 1236 bus
206 1176 253 1248 qui
267 1173 384 1230 necdum
400 1169 475 1241 loqui
488 1176 617 1240 poterunt
630 1182 678 1238 per
689 1176 819 1233 atatem,
839 1164 882 1221 rel
899 1163 941 1219 liis
992 1163 1126 1235 redempti
1140 1162 1247 1219 inerant
1260 1160 1440 1228 renascendo,
1453 1160 1581 1231 jubemus
1593 1138 1712 1218 abscidi.
1722 1161 1762 1218 lit
1776 1160 1801 1217 si

138 1269 237 1342 quibus
251 1268 279 1322 iu
293 1263 416 1337 qualibet
432 1262 596 1318 necessitate
611 1274 680 1330 opus
692 1258 775 1313 luerit
786 1257 856 1312 sacri
870 1255 941 1311 unda
991 1256 1183 1327 resipiscentes
1194 1255 1263 1310 lorte
1272 1253 1419 1326 aliquando
1432 1252 1535 1309 inerint
1547 1252 1582 1309 ad
1598 1253 1721 1310 lamenta
1731 1268 1801 1311 eou-

139 1362 311 1437 baptismatis
325 1400 333 1425 ‚
354 1358 428 1414 onusti
447 1355 573 1412 rolunms
592 1353 734 1410 eeleritate
748 1350 871 1407 succurri
883 1367 890 1416 ;
907 1364 942 1406 ne
992 1347 1065 1406 uersi
1077 1388 1085 1415 ,
1099 1347 1156 1415 lais,
1173 1362 1254 1417 qoam
1268 1347 1314 1403 din
1328 1347 1435 1411 uiuunt,
1450 1345 1554 1419 agenda
1568 1347 1731 1418 penitentia
1743 1358 1801 1416 est,

139 1457 174 1514 ad
194 1465 350 1512 nostrarum
362 1449 510 1522 perniciem
527 1448 621 1503 tendat
633 1446 796 1509 arnimarum,
808 1443 833 1499 si
845 1451 943 1514 negato
992 1451 1021 1498 et
1035 1440 1062 1495 iu
1077 1440 1173 1496 ultimo
1183 1439 1235 1495 line
1248 1454 1299 1495 sno
1313 1437 1544 1495 reconciliationis
1569 1439 1658 1510 gratia
1676 1439 1803 1496 tribuen-

139 1546 361 1608 desiderantibus
375 1542 451 1599 lonte
465 1540 590 1605 saluuri,
605 1537 699 1594 exieus
713 1537 899 1607 unnsquisque
909 1534 943 1590 de
993 1531 1045 1590 da:
1060 1533 1138 1604 qnia,
1154 1531 1270 1589 docente
1282 1531 1409 1601 Domino,
1426 1531 1553 1587 nolumus
1567 1540 1685 1591 morteto
1701 1546 1804 1603 peeca-

139 1644 242 1702 saeenlo
255 1650 282 1698 et
294 1653 408 1710 regnum
424 1634 520 1708 perdat
532 1632 663 1689 etritam.
677 1630 848 1699 Quicumque
859 1628 942 1684 etiam
993 1629 1062 1684 torls
1083 1625 1096 1665 ‘¹
1112 1668 1120 1694 ,
1146 1635 1251 1684 tantum
1271 1634 1302 1683 ot
1324 1635 1521 1693 convertatur,
1545 1636 1573 1683 et
1595 1628 1670 1683 sinat
1685 1623 1803 1700 (Euris.

139 1737 288 1794 discrimen
303 1729 448 1802 naulragli,
459 1726 617 1784 hostilitatis
630 1725 781 1787 incursum,
793 1719 944 1778 obsidionis
959 1715 982 1776 B
996 1738 1072 1790 ιιιιι,
1086 1722 1144 1795 bb).

141 1831 320 1901 ambiguum,
343 1823 386 1880 uel
405 1820 552 1892 cujuslibet
573 1815 723 1888 corporalis
741 1814 756 1852 b
778 1813 946 1885 egritudinis
1032 1816 1098 1873 Car.
1112 1816 1223 1873 tit-5.
1241 1815 1347 1872 Nemini
1358 1816 1416 1871 licet
1429 1816 1537 1871 alterius
1554 1833 1677 1889 spernam
1690 1833 1808 1872 uxorem

140 1919 362 1993 desperationem
379 1912 545 1979 inciderint,
560 1921 586 1967 et
601 1911 653 1964 sibi
672 1909 754 1964 unico
774 1906 946 1964 credulitatis
997 1908 1098 1962 ducere.
1116 1907 1153 1964 be
1166 1906 1301 1978 conjugali
1315 1915 1406 1963 autem
1423 1918 1435 1946 ⁰
1451 1907 1588 1964 relatione
1602 1907 1766 1979 requisisti,
1782 1909 1808 1965 si

142 2015 244 2074 auxilio
260 2009 438 2084 poposcerint
459 2004 620 2071 subveniri,
643 2001 739 2059 codem
754 2015 808 2072 qno
829 2009 946 2072 poscunt
996 1999 1188 2069 desponsatam
1211 2001 1258 2055 alii
1281 1999 1421 2071 puellam,
1446 2000 1519 2055 alter
1543 2000 1571 2055 in
1594 2000 1809 2056 matrimonium

142 2114 284 2167 momento
294 2100 426 2173 temporis
439 2140 447 2167 ,
462 2098 590 2168 expetita
603 2093 819 2166 regenerationis
834 2090 946 2163 praemia
998 2092 1084 2164 possit
1098 2092 1223 2162 accipere
1236 2091 1293 2164 (ab,
1309 2112 1335 2164 q.
1351 2091 1380 2145 1.
1395 2106 1420 2147 e.
1437 2091 1495 2161 501.
1510 2090 1567 2148 lloe
1580 2107 1615 2148 ne
1630 2090 1698 2156 bat,
1716 2091 1810 2148 modis

143 2208 356 2273 cousequantur.
372 2195 510 2250 ilactenns
527 2198 647 2247 erratum
671 2190 698 2244 io
714 2187 766 2244 irae
779 2195 855 2257 parte
869 2185 946 2242 sulla·
998 2189 1125 2244 omnibns
1137 2187 1305 2244 inhibemus:
1318 2189 1381 2258 qnia
1398 2186 1443 2243 illa
1459 2185 1626 2252 benedictio,
1642 2201 1728 2259 qnare
1741 2202 1808 2256 nup-

144 2297 200 2353 eiot
217 2311 224 2348 :
242 2305 315 2350 nune
328 2286 467 2360 praelatam
483 2282 603 2355 regulam
618 2293 715 2338 omnes
729 2288 942 2336 teneantsacer·
996 2286 1067 2336 tura
1081 2279 1210 2336 sacerdos
1225 2280 1350 2350 imponit,
1366 2279 1439 2351 apud
1452 2278 1548 2336 lidelos
1562 2280 1708 2350 cuiusdam
1723 2279 1809 2336 sacri-

143 2452 247 2528 pereipi
260 2450 351 2507 solere
365 2443 462 2500 inunit.
478 2441 607 2511 Quamuis
622 2448 713 2496 autem
728 2438 870 2508 baptismi,
881 2453 945 2510 quo·
998 2440 1103 2497 sionem
1118 2441 1153 2496 ab
1166 2439 1290 2496 Ecclesia
1301 2439 1471 2496 intellexisse
1483 2437 1629 2496 commode
1643 2448 1806 2509 putaretur:

144 2526 188 2582 uls
208 2525 253 2580 die
271 2517 462 2593 percipiatur,
484 2513 600 2582 aequalis
615 2526 663 2582 per
677 2525 707 2566 se
723 2509 760 2564 sit
778 2511 863 2580 gratia
880 2551 888 2574 ,
912 2525 944 2565 ea
998 2519 1026 2567 at
1041 2527 1102 2566 eum
1120 2509 1214 2575 addat,
1228 2520 1252 2565 et
1267 2512 1456 2594 sanguineque
1469 2511 1596 2580 redempti
1616 2513 1737 2583 sumant,
1752 2527 1808 2568 non

144 2610 236 2655 tamen
250 2589 379 2664 mysteria
393 2629 400 2652 ,
415 2600 478 2658 quae
491 2583 602 2639 Paselne
617 2589 645 2637 et
659 2581 836 2637 Pentecostes
848 2580 946 2636 diebus
998 2583 1180 2655 putandusest
1189 2583 1262 2652 loqni
1274 2583 1326 2637 nist
1337 2581 1372 2637 de
1384 2581 1598 2646 Enelraristia,in
1612 2597 1665 2648 apua
1678 2582 1807 2652 quidem,

144 2660 422 2729 eelelrrantnr,ipsam
432 2655 679 2726 bnptlsntigratiam
688 2652 947 2722 expressiusudnm·
998 2655 1071 2724 quod
1087 2653 1256 2716 notandum,
1273 2653 1425 2724 sanguinent
1439 2669 1490 2723 quo
1503 2653 1631 2721 redempti
1644 2667 1741 2707 sumus
1755 2692 1763 2717 ,
1778 2663 1809 2709 et

145 2741 225 2797 brant
238 2777 246 2802 ,
259 2743 287 2791 ct
301 2730 426 2803 quadarn
448 2742 494 2797 per
515 2739 545 2780 se
565 2731 630 2779 sunt
648 2724 811 2778 documenta
825 2738 922 2778 corona
938 2762 946 2789 ,
999 2725 1077 2795 eujus
1091 2724 1208 2780 iructmn
1220 2724 1391 2780 renascendo
1407 2725 1595 2795 percipimus,
1610 2724 1692 2778 nobis
1704 2724 1809 2795 porrigi

145 2817 260 2880 quaeant
273 2801 429 2876 aguntnrin
440 2796 595 2866 baptizatis,
606 2805 652 2850 aut
664 2795 698 2850 ab
710 2794 743 2849 iis
757 2793 861 2864 agenda
872 2802 946 2848 snm.
1002 2810 1055 2851 uon
1067 2795 1185 2850 dubitat.
1201 2795 1306 2862 Quibus
1317 2809 1382 2852 uero
1391 2796 1490 2850 deinde
1503 2795 1529 2849 in
1544 2795 1608 2848 vitm
1629 2794 1706 2849 exito
1717 2811 1810 2850 reeor-

147 2879 224 2937 Unde
234 2878 277 2931 nel
291 2877 310 2928 ii
322 2875 402 2933 ritus,
415 2867 656 2938 quibosceiebrari
670 2864 947 2921 consueveruntdure
1002 2867 1141 2921 eiliutionir
1154 2867 1266 2939 qratiam
1281 2866 1403 2937 largitur,
1421 2867 1462 2920 luis
1476 2865 1568 2922 uerbis
1582 2863 1621 2927 id,
1635 2866 1713 2936 quod
1731 2867 1808 2935 prins

145 2950 202 3005 illae
215 2945 388 3005 festivitates,
403 2953 466 2994 cum
480 2937 514 2992 ad
529 2935 716 2992 instruendam
728 2935 771 2991 uel
785 2934 946 2991 llrmaodam
1002 2944 1160 3008 negauerat,
1173 2938 1296 3006 adeoque
1309 2936 1489 2994 Errclraristiae
1503 2935 1726 3009 perceptionem,
1742 2952 1811 2994 cou-

146 3021 228 3077 tidem
243 3058 251 3083 ,
266 3024 321 3070 tom
338 3010 371 3068 ad
392 3007 579 3064 inlormandos
598 3021 689 3063 mores
705 3020 758 3061 non
775 3020 870 3074 parrrrn
884 3019 949 3061 eon·
1003 3010 1101 3063 cedere
1117 3009 1215 3064 merito
1226 3019 1381 3064 censeatur.

147 3091 261 3148 ducunt.
274 3087 411 3141 Praeterea
429 3079 527 3151 primis
545 3079 723 3134 ecelesiarum
745 3078 866 3146 patribus
889 3063 987 3145 per-C
1037 3079 1097 3134 etna
1115 3094 1180 3133 mss,
1198 3079 1249 3133 ηῑςῑ
1264 3079 1335 3146 quod
1348 3082 1375 3136 p„
1387 3080 1484 3144 pagus,
1499 3088 1599 3134 mmm„
1611 3087 1808 3135 mmmmm·

146 3174 257 3217 suasum
272 3165 353 3222 erat,
369 3150 462 3224 quanti
480 3152 624 3206 interesset
641 3165 674 3204 ne
694 3149 757 3216 qnis
768 3147 802 3200 arl
818 3146 945 3229 baptismi
1002 3152 1037 3204 at
1052 3151 1117 3205 edit.
1130 3150 1210 3205 Rom.
1228 3157 1257 3204 et
1269 3150 1383 3216 concil„
1399 3151 1446 3206 red
1457 3159 1485 3206 ut
1498 3157 1671 3205 resumetur.

99 3291 107 3307 ,
147 3217 949 3303 111111115111111111111113111111011111018111111,1111111111
1038 3231 1050 3258 1
1073 3220 1180 3276 blerlin.
1204 3220 1232 3275 et
1253 3218 1358 3285 Grab,
1382 3222 1519 3277 uetotione.
1544 3220 1718 3277 Posteriores
1736 3222 1806 3277 edit.

149 3301 256 3360 riorrnisi
270 3305 333 3370 post
347 3310 394 3351 eos
408 3293 479 3359 dies,
493 3292 540 3362 qui
554 3290 653 3346 anienis
665 3291 697 3345 ad
710 3289 784 3371 iilam
797 3288 950 3346 studiosius
1000 3293 1101 3347 concii.
1116 3306 1178 3347 cnm
1199 3291 1280 3347 Rom.
1303 3292 1461 3348 pistatione:
1484 3292 1667 3348 penitentum,
1690 3306 1756 3346 mss,
1773 3294 1803 3346 g„

147 3369 335 3446 praeparandis
360 3363 505 3436 praestituti
527 3368 611 3424 sunt,
635 3370 664 3414 ut
684 3373 811 3431 proxnne
833 3358 949 3416 Sinicius
1001 3377 1118 3432 rpuorum
1132 3362 1240 3418 dnobus
1253 3376 1316 3417 mox
1330 3375 1429 3435 nuptae,
1443 3365 1504 3419 loeo
1519 3373 1649 3431 nupturae,
1660 3370 1688 3417 et
1702 3361 1729 3416 in
1746 3378 1806 3418 nnio

148 3440 287 3512 conceptis
308 3437 400 3494 uerbis
424 3435 514 3488 docet.
541 3428 663 3487 Subinde
685 3431 833 3500 Gregorius
856 3430 947 3486 lenm
1001 3433 1302 3502 nupturis...oiolentur.
1312 3433 1382 3500 Quid
1393 3435 1579 3504 desponsatam
1588 3432 1808 3500 Siniciusrocet,

147 3513 282 3586 plurimos
295 3509 405 3564 indens
418 3503 452 3559 ad
462 3503 643 3558 Christianam
657 3501 739 3556 tidem
754 3499 892 3557 eonllncrc
902 3518 950 3557 au·
1003 3520 1057 3561 uon
1068 3506 1135 3560 satis
1147 3516 1273 3587 apertum
1284 3515 1335 3560 est.
1353 3507 1431 3577 Apurl
1443 3506 1603 3561 Gratianum
1614 3503 1669 3571 ab,
1686 3519 1715 3574 q,
1731 3504 1765 3571 2,
1779 3520 1807 3562 c,

148 3588 240 3649 diret,
254 3597 287 3636 eo
301 3595 366 3636 usus
380 3584 423 3633 est
436 3581 661 3698 terngeranrento,
677 3582 706 3626 ut
720 3586 768 3625 eos
779 3581 855 3627 cntra
870 3571 947 3628 lesti-
1002 3575 1046 3642 ib,
1059 3576 1148 3646 glossa
1164 3590 1191 3630 in
1205 3575 1293 3631 simile
1307 3576 1461 3642 decretum,
1497 3575 1550 3631 nod
1563 3574 1699 3646 Gregorio
1711 3575 1809 3630 tribui·

150 3657 261 3711 uitatem
272 3647 443 3728 Pasebulem,
457 3645 484 3727 in
507 3652 558 3698 reta
571 3641 644 3726 prins
655 3640 831 3723 quadraginta
843 3642 948 3727 dierum
1002 3655 1063 3710 tur,
1075 3646 1267 3716 desponsatam
1281 3661 1315 3702 eo
1326 3648 1360 3703 ab
1377 3662 1463 3704 uxore
1474 3592 1636 3717 distinguit,
1658 3644 1734 3716 qood
1753 3644 1809 3702 dc-

149 3724 309 3798 poenitcntio
324 3763 332 3789 ,
348 3721 477 3788 baptizari
489 3723 685 3797 permitteret.¹
698 3714 743 3768 Sne
762 3728 843 3783 porro
861 3714 895 3768 de
916 3731 950 3769 us
1002 3724 1133 3786 sponsata
1144 3716 1378 3787 dicaturquaeoon
1390 3720 1427 3775 sit
1440 3718 1588 3774 carnaliter
1602 3717 1725 3786 cognita,
1736 3732 1812 3772 uxor

150 3798 248 3855 ludici·
272 3794 285 3848 1
304 3833 311 3858 t
327 3802 422 3846 11111111
446 3784 586 3846 Μ1111.1111
610 3783 630 3838 F
633 3796 753 3865 antinum
776 3782 948 3841 defensorem
1004 3802 1071 3844 uero
1084 3803 1145 3858 qnu
1158 3783 1195 3842 sit
1213 3791 1332 3858 cognita.
1353 3789 1385 3844 bt
1399 3805 1461 3845 eam
1476 3790 1579 3853 etiam,
1602 3802 1664 3860 qua·
1690 3803 1746 3842 non
1772 3789 1813 3842 sit

151 3868 278 3937 scripsit:
291 3862 391 3931 Quibus
406 3868 493 3913 tannen
506 3858 528 3911 ri
542 3856 649 3926 turipum
661 3856 699 3909 oel
710 3861 781 3908 triste
795 3855 897 3910 uidetur
908 3872 951 3910 ro·
1002 3859 1149 3914 carnaliter
1160 3861 1268 3930 cognita
1282 3900 1290 3924 ,
1303 3861 1397 3915 uxoris
1410 3862 1521 3916 nomine
1544 3861 1684 3916 interdum
1710 3858 1812 3916 donari

154 3940 310 3995 leotnltotenr
320 3933 446 3989 sustinere
456 3927 698 3989 Puscbalem,eteos
707 3925 815 4006 uuurnd
823 3926 951 3996 baptismo
1003 3929 1185 4000 llieronymos
1205 3932 1256 3985 sub
1271 3932 1378 3986 initium
1400 3933 1462 3986 iibri
1484 3931 1616 3986 adversus
1629 3928 1811 3986 Jovinjangm

153 4010 277 4078 festinare
288 4001 489 4078 cognoscimus,
501 3999 570 4067 quod
584 3997 660 4061 absit,
672 3997 750 4064 longo
760 3995 851 4051 drlotio
863 4013 952 4050 eorum
1023 4002 1111 4054 rubat.
1122 3999 1221 4055 Nostro
1234 4001 1344 4071 quidem
1356 4017 1432 4058 niorc
1443 4001 1631 4058 Tertullianus
1644 4000 1695 4056 iii),
1707 4001 1742 4055 de
1756 4000 1812 4058 ve.

154 4088 223 4133 retro
235 4077 316 4147 possit
326 4074 563 4149 crimonosorum,
575 4083 634 4148 enm
645 4068 822 4147 [retreuuortr'o
832 4068 952 4135 episcopo
1003 4014 1092 4125 landis
1107 4070 1257 4141 uirginibus
1270 4087 1297 4128 e.
1313 4073 1343 4128 it
1356 4073 1548 4143 desponsatam
1560 4087 1621 4128 eam
1637 4071 1812 4142 intelligens,

155 4151 204 4204 lori
219 4146 301 4216 ipsius
311 4145 425 4208 loquere,
440 4146 468 4191 ut
478 4144 659 4217 poenuunuoet
671 4136 951 4201 obstinentraquodro·
1003 4153 1063 4210 qnae
1077 4140 1249 4209 sponsalibus
1262 4142 1367 4198 initiata
1383 4144 1505 4199 nondum
1524 4144 1681 4212 nuptiarum
1704 4144 1814 4198 sotem.

174 4221 227 4273 intu
239 4211 496 4274 diebusindirto,aut
505 4208 548 4290 dic
558 4207 745 4287 domanteqout
756 4208 777 4257 si
787 4205 953 4286 celeberrimo
1004 4211 1056 4266 uiis
1068 4213 1127 4266 uiro
1138 4211 1269 4269 obstricta
1281 4213 1317 4270 sit
1330 4257 1338 4281 ,
1355 4214 1383 4270 lu
1398 4215 1465 4285 ipsis
1479 4215 1649 4286 sponsalium
1665 4213 1814 4270 solemniis

168 4289 281 4345 estivitos
292 4284 564 4360 lmtossisoecuruerat,
574 4293 617 4332 eos
627 4284 805 4348 omnipotentis
816 4275 865 4331 Dei
876 4279 952 4333 mire·
1004 4283 1099 4337 velum
1116 4284 1183 4346 tradi
1196 4282 1294 4348 docet,
1309 4286 1355 4342 nbi
1374 4291 1493 4355 primum
1516 4287 1574 4349 ait,
1588 4283 1623 4338 lit
1642 4283 1815 4354 deponsata

157 4350 565 4432 11111111111101191111111111111·
812 4417 817 4430 ,
1003 4353 1106 4423 quidem
1116 4353 1208 4408 bobertt
1220 4353 1368 4423 emeruplum
1378 4356 1501 4412 Rebeccae
1514 4398 1521 4422 ,
1534 4370 1592 4429 que
1603 4369 1664 4410 eum
1681 4355 1717 4409 od
1729 4370 1815 4427 spon·

193 4431 322 4498 111118811-
337 4438 398 4482 111111
414 4418 670 4478 111111111100111·
684 4416 953 4475 111111οΡ1111·οω11·
968 4439 1064 4503 Drum
1089 4427 1206 4496 ignotum
1227 4427 1318 4499 ignoto
1337 4427 1492 4495 duceretur;
1513 4441 1633 4499 moxque
1646 4425 1763 4493 subdit,
1783 4427 1816 4483 Si

160 4507 315 4561 illusorum·
477 4563 482 4576 ,
668 4561 673 4572 ,
725 4561 730 4574 Ι
1007 4505 1095 4550 outem
1108 4494 1142 4548 ud
1157 4496 1381 4569 desponsationem
1393 4500 1520 4554 instantor.
1537 4498 1636 4554 Verum
1652 4495 1699 4553 bie
1710 4496 1816 4554 siricio

195 4573 299 4642 bilpurl
315 4567 420 4624 ttorttn.
435 4573 463 4620 ut
476 4579 504 4618 ιιι
517 4575 597 4629 mss,
611 4561 957 4633 oepntudmemdesperotio·
1007 4565 1040 4620 de
1049 4568 1181 4639 conjugali
1193 4567 1317 4623 velatione
1332 4571 1396 4635 ‚cui
1410 4579 1437 4626 er
1453 4570 1630 4625 sacerdotatis
1648 4567 1815 4625 benedicito

160 4649 209 4700 tria.
233 4642 341 4698 Clarius
364 4639 467 4692 dietum
490 4641 584 4700 esset,
610 4633 764 4714 Quamlibet·
778 4634 957 4704 egritudinem
1009 4635 1058 4692 luit
1071 4637 1210 4707 adjuncta,
1225 4652 1316 4694 sermo
1331 4649 1383 4696 est.
1398 4640 1470 4696 inira
1485 4647 1578 4697 autem
1593 4640 1676 4708 epist.
1692 4640 1721 4706 5,
1739 4655 1771 4694 n.
1783 4641 1813 4707 5,

159 4714 331 4786 corporalem,
344 4724 402 4779 quae
412 4701 606 4787 despereturrb
619 4703 827 4785 multusandcrn
842 4707 957 4760 summis
1008 4708 1165 4764 sacerdotes
1180 4709 1281 4778 nuptiis
1298 4711 1431 4767 interesse
1450 4726 1482 4768 ae
1503 4712 1625 4767 velamen
1640 4710 1816 4768 nubentibus

160 4781 356 4860 potiribeibus,
377 4779 520 4842 concilius,
537 4788 674 4844 episcopis
687 4788 719 4827 ac
732 4773 839 4844 regibus
855 4776 957 4830 nostris
1010 4778 1117 4834 tradere
1134 4786 1267 4835 testatur:
1284 4795 1360 4849 cunr,
1377 4781 1465 4852 inquit
1480 4782 1639 4839 Ambrosius
1651 4781 1738 4851 epist.
1756 4782 1814 4850 itt,

160 4859 194 4914 ad
210 4858 290 4912 linem
309 4864 395 4920 usque
408 4847 499 4903 saeculi
513 4860 542 4899 rr
557 4853 665 4926 centnm
682 4851 744 4906 est,
759 4859 794 4900 ne
807 4845 957 4915 baptismus
1007 4848 1041 4904 ad
1057 4849 1183 4920 ligitium
1199 4866 1247 4914 ‚n.
1262 4850 1306 4918 11,
1321 4853 1407 4925 ipsum
1421 4854 1571 4938 coniugium
1582 4852 1709 4907 selomine
1720 4867 1816 4908 mcer-

160 4938 236 4985 estra
252 4922 364 4982 Paschae
384 4934 415 4974 ac
428 4918 604 4997 Pentecostes
623 4914 681 4997 dues
701 4917 889 4971 conterretur:
908 4918 957 4972 scd
1010 4919 1094 4975 dotali
1116 4931 1140 4975 et
1160 4920 1334 4977 benedictione
1354 4926 1512 4992 sanctificam
1531 4933 1657 4994 oporteat.
1673 4922 1816 4990 Quocirca

161 5002 265 5056 nullum
277 5008 372 5052 curum
385 4989 523 5047 decretum
540 4987 652 5053 1ιιιι,ιιι
666 5001 720 5056 quo
736 4984 893 5057 lrujusmodi
907 5004 957 5043 er·
1010 4989 1076 5046 rriinil
1097 5000 1171 5047 uetat
1185 4993 1331 5061 quominus
1346 4992 1538 5065 desponsatam
1554 4995 1598 5050 irie
1620 4994 1817 5064 intelligamus

160 5065 530 5143 111111011011111111111111111·
733 5129 739 5140 ¹
1009 5062 1143 5118 velamine
1159 5062 1321 5119 sacerdotali
1341 5073 1369 5120 et
1384 5066 1573 5122 bencdictione
1585 5064 1793 5121 sonedbeatsm
1808 5082 1817 5134 ;

198 5143 342 5209 inatuor
356 5150 423 5190 mss.
434 5173 442 5199 ,
455 5129 525 5202 quod
536 5127 634 5183 dudum
646 5169 654 5197 ,
667 5144 721 5185 nun
733 5133 864 5184 inusitato
879 5130 956 5201 lapsu
1008 5141 1090 5202 atque
1100 5132 1128 5189 id
1142 5134 1242 5201 Siricli,
1253 5144 1276 5188 et
1289 5134 1441 5204 benedictio,
1453 5152 1532 5203 quom
1544 5150 1677 5193 nuoromr
1687 5136 1818 5194 sacerdon

161 5201 714 5284 librariorunr,maximeeorumqniverba
726 5215 758 5255 ex
770 5196 956 5257 oredietanlis
1007 5205 1138 5276 imponit,
1154 5220 1188 5261 eo
1212 5206 1348 5261 intellectu
1370 5209 1581 5279 interpretemur
1603 5208 1730 5270 dictum,
1759 5223 1819 5281 quo

160 5283 313 5354 excipiunt,
327 5279 425 5349 quibos
440 5275 467 5330 iu
482 5272 565 5328 slmtlt
578 5271 723 5326 verborum
737 5284 873 5325 concursu
884 5273 955 5328 litte·
1006 5275 1073 5330 lllnd
1083 5276 1217 5331 Ambrosii
1228 5276 1462 5335 irtExlrortntione
1478 5278 1639 5350 uirginitatis
1651 5292 1714 5348 cap.
1729 5279 1771 5345 6,
1786 5295 1818 5335 n.

159 5371 218 5412 ram
232 5352 334 5409 addere
344 5348 476 5403 lamiliare
486 5354 538 5400 est.
550 5341 586 5424 At
597 5341 678 5413 longe
690 5340 824 5423 pluresue
836 5347 955 5410 potiores
1007 5346 1039 5400 i:
1052 5343 1139 5401 Nubes
1150 5349 1312 5416 impurium,
1326 5359 1449 5423 etgraves
1458 5351 1538 5405 nuber
1552 5366 1609 5422 que
1623 5350 1817 5421 rapterius...

159 5442 222 5482 corn
236 5424 316 5481 editis
329 5466 336 5488 ,
349 5435 400 5490 quo
414 5416 523 5471 dudum.
545 5415 612 5470 llnne
634 5411 788 5495 corrigendi
813 5420 877 5466 sunt
897 5424 954 5469 tuni
1006 5414 1123 5488 benique
1133 5420 1284 5488 operiuntur
1294 5431 1322 5475 ut
1333 5421 1430 5488 nuber,
1447 5438 1506 5477 eum
1520 5420 1665 5490 occeperint
1677 5425 1818 5478 renouat

161 5497 287 5568 llispanae
300 5489 473 5548 collectionis
487 5494 593 5568 eruetur,
608 5494 664 5539 turn
679 5483 799 5541 lstdorus
811 5482 895 5566 llere.
909 5487 956 5554 qni
1007 5489 1145 5544 uelamina.
1156 5489 1258 5546 Obuius
1270 5500 1360 5547 umen
1372 5494 1517 5550 uerborum
1532 5491 1622 5549 Siricli
1633 5506 1735 5547 sensus
1749 5506 1820 5563 pos·

158 5568 270 5636 capituli
286 5563 366 5619 hu'ns
387 5573 524 5615 summam
545 5571 584 5612 sie
624 5567 706 5611 raeter
726 5564 847 5611 mentem
865 5554 957 5611 Snieii
1007 5560 1087 5625 tulat,
1104 5568 1179 5616 ntea
1197 5563 1285 5632 potius
1298 5563 1333 5619 de
1347 5563 1433 5634 prima
1444 5563 1664 5634 desponsationis
1675 5561 1746 5628 lide,
1761 5580 1820 5637 qna

160 5638 291 5692 reddunt:
318 5580 359 5688 be
382 5629 507 5702 apostatis
529 5627 561 5682 ab
614 5627 708 5682 celeria
728 5626 903 5681 abscidendis.
928 5628 957 5685 Si
1008 5630 1092 5686 etiam
1104 5631 1235 5704 uirginem
1251 5637 1386 5706 conjugem
1398 5636 1491 5692 vocari
1506 5642 1641 5706 patreser
1658 5634 1821 5707 Evangelio

158 5706 231 5767 enlm
245 5705 361 5761 siricius
372 5711 477 5759 ιιιιιιιιιι
488 5696 610 5756 oGlrrirti
621 5696 959 5767 corporedixisset,absei·
1011 5702 1137 5772 probant,
1155 5707 1377 5776 interpretemur.
