3900 6134
203 319 256 379 103
799 313 958 375 substitit
978 314 1023 372 tit
1037 310 1247 374 dancubttttt
1802 316 1854 374 tot

204 434 303 501 laicus,
329 433 401 506 piam
421 431 554 488 damnans
569 430 661 496 tldetn,
684 438 713 487 et
736 430 912 487 subscribens
923 429 1172 498 arta-gestures,
1187 439 1234 487 aut
1255 431 1345 487 socios
1372 429 1476 485 talium.
1502 427 1557 486 Sed
1577 427 1710 486 aduersus
1730 440 1856 489 sanctum

204 541 247 583 nm
269 522 411 596 impietati,
423 524 499 579 utnb
512 523 643 580 baeretico
655 523 752 581 iterum
766 524 911 594 episcopus
930 521 1004 577 ordi·
1056 521 1203 593 Ephesium
1229 522 1366 579 modicum
1388 521 1453 592 quid
1468 521 1560 578 conati
1594 521 1621 577 in
1645 523 1856 595 Palaestina'bi,

205 629 295 677 netur.
309 619 381 675 Sane
393 617 457 674 irinc
470 631 501 674 sc
513 615 572 673 vult
592 617 758 674 catltolicum
782 616 867 672 videri
890 614 962 686 quod
977 624 1004 671 et
1055 616 1152 686 quibus
1164 630 1241 672 sacra
1258 617 1358 672 ueritas
1369 629 1484 671 onerosa
1496 624 1550 682 est,
1565 623 1658 686 postea
1679 615 1855 687 destiterunt,

204 708 264 779 ipse
276 722 347 764 nuuc
357 707 489 781 quosdam
503 707 677 783 presbyteros
690 724 739 766 seu
750 709 881 765 diaconos
890 706 1005 777 Apollo·
1055 717 1209 765 metuentes
1223 709 1250 764 in
1267 708 1314 765 iilo
1323 717 1352 765 et
1365 707 1428 765 boet
1443 707 1615 774 libertatem,
1630 716 1660 764 et
1673 712 1855 770 constantiam

205 801 241 858 nii
258 800 322 859 lacit
336 816 418 859 suasu
431 802 549 874 quodam
562 802 657 871 laicos,
680 810 707 859 et
719 816 768 859 eos
783 802 881 858 iterum
895 799 1005 856 ordinat
1055 800 1149 867 animi,
1164 810 1193 857 et
1205 799 1256 856 boc
1269 801 1357 871 ipsum
1368 799 1530 870 cogitantes,
1546 799 1618 871 quod
1640 801 1727 871 magis
1740 801 1856 861 barasto

205 907 233 952 ut
260 894 384 952 rideatur
400 894 574 967 ,turpissime
601 882 680 950 istius
700 891 880 950 ordinationis
917 884 1004 948 uicem
1056 909 1150 962 eorum
1169 894 1334 964 etimpietas
1347 892 1423 964 prodi
1447 901 1564 964 poterat,
1592 893 1615 950 si
1637 894 1688 951 sub
1715 896 1794 953 robis
1809 912 1856 955 ca·

204 989 308 1047 reterre
321 1004 402 1061 quam
417 1002 514 1061 passus
526 998 579 1046 est.
593 987 729 1062 Numquid
740 1004 794 1044 noo
804 986 913 1045 excedit
923 1001 1004 1044 omne
1056 985 1165 1043 tbolicis
1186 985 1396 1058 imperatoribus
1426 984 1540 1058 integrae
1562 994 1590 1044 et
1611 990 1763 1047 constantis
1789 991 1855 1050 tidoi

205 1082 387 1154 sacrilegium,
416 1082 475 1139 baec
499 1081 615 1139 ludibria
640 1083 691 1138 sub
718 1083 828 1139 nomine
869 1080 1005 1139 catholico
1054 1081 1212 1153 episcopum
1240 1083 1334 1139 acrius
1356 1082 1561 1153 inquietassent.
1589 1082 1640 1142 unt
1662 1097 1753 1144 autem
1778 1088 1854 1145 idem

206 1175 359 1243 vindicare,
371 1176 399 1233 iu
414 1176 589 1235 afflictionem
604 1175 725 1234 bdelium
740 1175 912 1234 sacerdotum
923 1185 1005 1247 atque
1054 1173 1151 1231 beatus
1163 1174 1310 1246 Ephesius,
1325 1174 1583 1232 inuitatustideiium
1599 1176 1709 1247 litteris,
1730 1180 1758 1236 in
1778 1179 1855 1238 blri·

206 1269 363 1328 laicoruml
1054 1282 1113 1324 carn
1129 1266 1274 1339 nauigauit,
1287 1268 1367 1324 nobis
1386 1269 1538 1339 apostolico
1559 1285 1637 1327 more
1656 1272 1726 1330 daus
1747 1288 1854 1344 pracce-

241 1363 339 1421 Xlllli.
360 1363 415 1423 Sed
427 1372 455 1422 et
469 1364 541 1438 apud
553 1363 725 1420 Palaestinam
747 1363 775 1419 iu
800 1358 1004 1434 Eleutberopoli
1055 1369 1141 1432 ptum,
1157 1368 1187 1416 ut
1199 1361 1272 1417 circa
1287 1371 1408 1418 sanctam
1421 1361 1616 1419 fraternitatem
1638 1364 1738 1424 diuinis
1759 1377 1787 1425 et
1807 1383 1855 1427 ee·

204 1467 247 1514 est
258 1471 336 1514 sacra
348 1456 552 1529 virgo·Cbristi‚
569 1457 680 1514 nomine
692 1456 850 1524 Hermione,
864 1453 1004 1526 generosis
1053 1453 1215 1511 clesiasticis
1230 1454 1327 1510 olticiis
1340 1453 1572 1524 incumberemus,
1596 1458 1623 1515 id
1638 1459 1738 1531 ipsum,
1758 1471 1853 1520 sancta

202 1548 313 1622 quidem
328 1550 399 1606 edita
414 1549 561 1617 natalibus,
575 1549 623 1606 sed
637 1549 691 1607 boe
703 1557 731 1606 et
743 1548 921 1605 sanctimonia
932 1546 1003 1602 mul·
1050 1548 1109 1621 'iilic
1122 1547 1294 1606 fraternitate
1307 1559 1447 1620 poscente,
1469 1552 1594 1622 egregius
1607 1551 1699 1609 'lttrbo
1723 1553 1855 1613 Eleuthe-

204 1650 261 1699 tum
275 1641 346 1699 lacta
359 1643 530 1713 generosior,
547 1642 633 1713 ipsam
660 1642 840 1713 uirginitatem
866 1641 1003 1697 condeco-
1054 1642 1214 1712 rupolitanae
1229 1643 1374 1715 episcopus
1388 1644 1509 1700 civitatis
1532 1654 1653 1702 nostram
1674 1648 1853 1720 exiguitatem

203 1748 267 1792 rans
279 1744 434 1806 contemptu
446 1733 717 1792 rerumsacularinm
732 1732 1001 1804 etttumanaegloriae,
1053 1732 1218 1805 despiciens,
1234 1735 1261 1790 in
1276 1750 1327 1791 nos
1351 1736 1436 1807 coepit
1457 1738 1529 1794 nolte
1551 1753 1753 1807 cortsummarc,
1779 1740 1854 1813 quod

203 1826 238 1883 ad
252 1842 333 1900 quam
347 1827 468 1898 plerique
486 1825 628 1894 affectant,
640 1825 723 1883 etiam
737 1828 784 1899 qui
798 1841 830 1883 sc
853 1826 955 1883 sacculo
973 1834 1002 1883 et
1016 1819 1040 1881 tt
1054 1824 1081 1880 in
1095 1834 1218 1883 sanctum
1239 1826 1388 1896 llpbcsium
1410 1843 1603 1887 consummare
1625 1847 1679 1888 non
1701 1847 1782 1890 ausus
1796 1841 1851 1903 est,

201 1920 431 1991 concuspiscentiae
457 1919 549 1976 carnis
590 1920 799 1977 abrenuntiasse
836 1919 998 1992 gloriantur.
1052 1922 1179 1978 nesciens
1192 1923 1264 1994 qnod
1278 1921 1381 1978 Christi
1396 1923 1444 1978 liei
1455 1924 1542 1994 gratia
1554 1926 1635 1981 etiam
1652 1928 1852 1985 minimissimis

202 2011 266 2071 ttae
281 2012 309 2068 in
322 2021 455 2086 quantum
468 2013 657 2069 castimoniam
672 2015 798 2085 corporis
811 2028 890 2071 sacro
911 2015 1001 2083 rigore
1051 2014 1168 2070 seruulis
1191 2014 1250 2084 ejus
1274 2016 1472 2085 patrocinetur,
1498 2017 1618 2074 maxime
1631 2032 1681 2088 pro
1702 2034 1783 2076 carisa
1803 2036 1849 2075 rc·

199 2105 329 2170 custodit,
342 2105 368 2160 in
381 2112 486 2160 tantum
506 2106 603 2161 animm
618 2107 766 2177 puritatem
781 2116 855 2163 casta
870 2107 920 2176 piae
935 2104 999 2162 lidei
1050 2118 1101 2163 ctus
1126 2105 1189 2164 [idei
1213 2107 1410 2164 laborantibus.
1435 2108 1558 2180 Namque
1580 2111 1624 2167 bie
1647 2112 1750 2179 Turbo,
1773 2123 1848 2186 post·

201 2197 393 2256 observatione
404 2207 568 2254 conseruat:
583 2213 638 2257 nou
651 2198 800 2268 boereticis,
823 2214 877 2257 uon
892 2215 999 2271 prmra·
1050 2214 1130 2269 qoant
1144 2199 1246 2257 audivit
1260 2201 1391 2271 quosdam
1405 2217 1436 2259 se
1451 2204 1563 2276 integrm
1583 2204 1645 2261 tidei
1668 2206 1806 2277 copulare,
1821 2216 1851 2266 et

200 2290 574 2348 ricatoribuscommunicans
587 2307 595 2360 ;
610 2294 722 2364 eoquod
736 2292 999 2365 inteiligatcorporis
1051 2309 1098 2362 por
1108 2292 1156 2350 Dei
1167 2293 1282 2366 gratiam
1296 2310 1354 2351 rem
1368 2298 1425 2352 veri
1439 2311 1575 2365 crescere,
1594 2300 1673 2355 nobis
1696 2300 1776 2357 exitia
1796 2302 1847 2358 mi-

163 2374 166 2379 ’
200 2384 384 2458 uirginitatem
408 2386 476 2444 nibil
500 2386 641 2459 prodesse,
671 2389 724 2446 nisi
763 2397 791 2446 ot
816 2389 998 2458 integritatem
1050 2388 1164 2457 nitatur,
1181 2399 1209 2444 et
1223 2389 1326 2445 turbat.
1342 2388 1396 2447 Sed
1416 2401 1443 2446 et
1464 2391 1559 2448 Severi
1574 2392 1671 2449 domus
1694 2394 1849 2453 incendium

197 2480 296 2536 antima
308 2495 386 2538 sacra
397 2482 571 2539 confessione
587 2490 714 2551 tucatur,
729 2481 818 2539 labem
837 2481 998 2540 adulterinae
1050 2478 1204 2535 minitatum
1219 2479 1340 2548 veritati,
1355 2483 1401 2553 qul
1416 2489 1492 2539 tamo
1511 2483 1598 2556 magis
1621 2484 1702 2541 tidem
1716 2487 1762 2544 bei
1791 2488 1851 2543 rin·

197 2574 398 2630 communionis
412 2572 556 2653 effugiens,
582 2580 727 2630 etscctans
749 2573 880 2629 salutaria
906 2588 999 2630 sacra·
1049 2570 1274 2645 dicat,‘quanto
1297 2584 1326 2630 et
1353 2574 1477 2632 Romano
1501 2578 1616 2647 imperio
1638 2577 1755 2635 tideiiter
1778 2578 1849 2636 utiti-

196 2677 289 2725 menta
303 2667 423 2725 bdelium
446 2668 632 2726 sacerdotum.
644 2669 764 2749 benique
776 2669 912 2740 supplicat
934 2668 998 2725 reii-
1049 2664 1124 2718 tavit.
1139 2663 1515 2737 Tentatquoqueetsacram
1529 2669 1660 2741 virginem
1674 2670 1849 2728 Hermionem

196 2760 280 2834 glosis
294 2760 394 2817 litteris
407 2760 478 2833 apud
491 2761 600 2818 beatum
616 2760 806 2830 Heraclidam,
825 2769 856 2817 ut
881 2761 941 2832 ejus
953 2777 997 2817 sa·
1048 2756 1154 2828 insequi
1168 2776 1175 2812 ι
1188 2775 1268 2831 quam
1284 2762 1412 2817 luminam
1438 2766 1602 2834 quicumque
1617 2762 1722 2830 didicit,
1748 2774 1778 2819 ut
1796 2765 1849 2820 ali-

195 2854 252 2913 eris
266 2853 467 2911 visitationibus
488 2855 640 2925 juraretur.
663 2855 717 2912 Sed
736 2870 785 2927 pro
806 2855 886 2913 beato
907 2855 996 2913 Hera·
1048 2866 1127 2922 quam
1140 2853 1350 2925 deerangelicis
1369 2855 1476 2927 leminis
1496 2855 1645 2912 admiratus
1664 2866 1717 2913 est.
1742 2857 1795 2914 Sed
1818 2867 1847 2916 et

194 2948 266 3006 elida
280 2961 391 3008 sanctos
405 2949 540 3023 upneatus
558 2952 661 3018 visitat,
676 2953 722 3024 qui
741 2952 769 3009 id
798 2952 930 3024 temporis
954 2952 991 3008 ob
1047 2945 1161 3017 siugulis
1176 2948 1337 3020 ,quibusque
1363 2949 1450 3004 tendit
1470 2949 1602 3016 insidias,
1629 2951 1675 3021 qui
1701 2951 1845 3009 nobiscum

191 3041 323 3100 utilitates
347 3042 547 3100 ecclesiasticas
571 3042 606 3099 ad
634 3044 792 3116 episcopum
817 3042 993 3100 Heraclidam
1046 3051 1130 3095 sacrae
1156 3041 1356 3097 communionis
1378 3042 1518 3099 consortio
1548 3045 1735 3115 copulantur:
1761 3047 1845 3105 veluti

194 3135 229 3194 de
244 3135 311 3193 urbe
323 3136 409 3194 Roma
422 3145 544 3194 venerat,
559 3136 610 3194 llic
623 3146 666 3193 est
679 3136 825 3209 Ephesius,
852 3152 932 3209 quem
949 3153 995 3194 su·
1048 3128 1276 3201 nelasobjiciens‚
1292 3147 1327 3189 ex
1349 3132 1408 3205 lege
1425 3133 1472 3189 illa
1498 3133 1666 3206 Babyloniae,
1687 3136 1759 3205 quod
1774 3137 1843 3194 intra

192 3245 242 3304 pra
253 3229 371 3288 diximus
395 3231 506 3288 ittqbqrae
520 3233 529 3264 ¹
545 3231 615 3303 propt
640 3230 772 3287 Romqnae
795 3231 952 3303 epqqqqpqm
975 3207 1030 3286 ,c
1046 3233 1138 3278 nostra
1150 3221 1299 3292 dornicilia,
1315 3226 1376 3281 sine
1391 3225 1452 3281 labe
1468 3227 1617 3295 ltaereseos,
1640 3237 1668 3282 et
1689 3229 1749 3287 siue
1768 3245 1845 3286 com-

192 3322 414 3387 constantissimo
439 3322 557 3396 Taorgio
578 3324 707 3395 episcopo
734 3323 899 3380 ordinatum.
935 3323 990 3381 sqq
1042 3316 1172 3371 munione
1194 3316 1325 3386 pertidia,
1355 3316 1504 3374 secundum
1528 3319 1697 3390 evartgeiicas
1724 3328 1752 3376 et
1777 3335 1844 3392 apo·

190 3427 255 3472 cuna
268 3415 386 3471 venisset
400 3414 646 3487 Eleutheropolim,
663 3429 717 3472 uon
731 3416 819 3473 solum
842 3416 990 3474 Hermiona
1040 3406 1151 3464 stolicas
1166 3409 1336 3473 traditiones,
1360 3409 1580 3468 desiderantibus
1605 3413 1727 3470 tidelibus
1750 3414 1843 3474 ditioa

190 3521 253 3563 cum
267 3521 317 3564 suo
329 3522 408 3564 sacro
418 3508 583 3565 monasterio
598 3509 744 3576 relevatur,
767 3509 815 3567 sed
831 3516 859 3566 et
879 3509 989 3581 quidam
1040 3513 1208 3559 sacramenta
1223 3505 1403 3561 celebramus.
1417 3505 1513 3562 Simile
1524 3509 1596 3562 enim
1612 3508 1703 3565 turore
1717 3518 1745 3566 et
1756 3524 1843 3581 quon·

190 3600 340 3658 fidelissimi
356 3603 428 3660 servi
448 3602 509 3661 Dat,
533 3603 607 3661 turer
620 3618 689 3676 quas
710 3605 792 3661 artam
820 3604 918 3662 notastis
940 3605 989 3661 do.
1039 3593 1102 3650 dnm
1111 3594 1254 3667 Babylonii
1267 3608 1391 3653 sanctum
1405 3597 1546 3655 Danielem
1559 3600 1704 3657 bostilibus
1716 3601 1788 3659 odiis
1801 3602 1843 3658 in-

189 3709 251 3752 mus
264 3694 384 3768 religiosi
397 3695 431 3752 ad
444 3694 526 3753 fidem
535 3696 698 3754 eatbotioam
710 3697 803 3754 severi
815 3712 848 3753 ex
860 3697 986 3765 tribunis,
1039 3690 1125 3746 secuti
1144 3698 1218 3759 sunt,
1240 3691 1312 3762 qnod
1338 3691 1365 3747 in
1382 3707 1430 3749 sua
1449 3693 1531 3750 donno
1558 3694 1642 3753 beon
1668 3695 1841 3757 obseruantia
1936 3769 1937 3772 Ἴ

190 3788 236 3847 diu
251 3789 361 3860 quidem
375 3805 430 3846 non
445 3792 650 3846 communicans
664 3789 801 3845 hereticis
814 3800 841 3845 et
856 3789 987 3860 praevari-
1039 3783 1137 3840 divinae
1166 3785 1233 3854 tegis
1254 3785 1392 3843 adoraret.
1413 3786 1463 3844 Hic
1489 3797 1530 3845 est
1550 3787 1653 3859 Turbo,
1677 3790 1725 3863 qui
1739 3792 1839 3864 ‚diaco-

187 3879 336 3947 catoribus,
352 3879 424 3936 sed'
454 3880 574 3936 nondum
595 3880 639 3951 qui
661 3865 812 3936 irr‘veuisset
836 3879 987 3938 eatbolioo·
1039 3893 1090 3933 nus
1106 3875 1157 3933 luit
1171 3877 1298 3952 Eutycbii
1312 3878 1445 3948 baeretici,
1470 3881 1521 3937 sub
1544 3897 1598 3953 quo
1614 3883 1710 3940 beatus
1729 3884 1841 3944 Luciler

186 3985 248 4028 rum
267 3984 373 4027 sacram
397 3970 631 4028 communionem.
654 3970 706 4028 libi
721 3980 811 4029 numm
836 3973 902 4029 sidit
925 3989 988 4030 san·
1039 3969 1446 4041 iileutbcropolitanorciuitatis
1463 3974 1615 4044 patiebatur
1629 3976 1757 4032 esstttmn
1771 3994 1778 4032 ι
1791 3979 1839 4048 qui

185 4070 259 4121 ctum
271 4062 431 4134 Ephesium,
447 4071 508 4135 post
523 4066 624 4121 multas
637 4065 855 4122 examinationes
868 4066 987 4137 probans
1038 4072 1066 4119 et
1080 4062 1170 4134 ipsum
1181 4061 1347 4133 Luciferum,
1362 4063 1442 4122 tidem
1457 4065 1543 4123 iibere
1556 4067 1749 4138 vindicantem,
1768 4070 1839 4127 rnul-

187 4169 249 4213 eum
262 4155 439 4222 catholicum,
455 4156 565 4213 tradidit
591 4172 622 4215 se
643 4159 667 4214 ci
689 4159 715 4215 in
740 4173 846 4216 sacram
865 4173 986 4217 commu·
1038 4155 1073 4212 tis
1086 4156 1276 4212 atrocitatibus
1290 4158 1582 4216 vehomenteratdiuit.

185 4250 307 4318 trionem,
320 4251 430 4308 beatum
446 4265 477 4307 se
489 4250 626 4323 judicans,
639 4252 711 4324 quod
724 4253 834 4311 donnum
854 4269 930 4311 suam
951 4270 986 4312 ex
1072 4247 1170 4304 ml·
1190 4246 1260 4304 Sunt
1272 4247 1361 4306 adhuc
1373 4250 1454 4308 bodie
1466 4253 1493 4306 5¹¹
1507 4251 1663 4321 Pilaeillssit
1683 4255 1730 4326 ‘1¹¹i
1741 4256 1767 4311 5¹¹
1788 4256 1837 4314 5¹¹⁰

185 4343 327 4416 insperato
339 4342 431 4400 diuina
442 4344 630 4402 misericordia
643 4344 798 4405 visitasset:
811 4357 911 4404 tantam
923 4362 986 4405 san-
1037 4346 1160 4410 tempore
1173 4339 1378 4412 lssaeluessfibul
1403 4343 1457 4400 iffi*
1472 4358 1567 4416 loe¹¹³⁸
1592 4348 1769 4418 dffllffsiiffllss
1789 4349 1838 4407 ἅθ’

185 4436 223 4495 cti
238 4437 390 4494 sacerdotis
400 4436 518 4495 adventu
531 4424 630 4495 ductus
645 4438 672 4495 in
685 4440 906 4507 admirationem,
929 4455 984 4497 tion
1035 4430 1144 4500 derunt,
1160 4433 1276 4506 10111011
1292 4450 1353 4492 cum
1367 4435 1509 4495 catholiea
1523 4437 1586 4496 fidei
1600 4440 1730 4512 episcopo
1753 4442 1836 4502 Luci-

184 4532 273 4589 solum
285 4531 347 4589 vita
359 4532 418 4603 ejus
432 4533 559 4604 puritate,
574 4533 621 4591 sed
637 4541 665 4590 ot
678 4534 841 4606 quibusdam
864 4536 984 4593 omisssi-
1035 4524 1094 4583 iero
1106 4529 1295 4586 conuenirent.
1309 4529 1424 4602 Negent,
1440 4534 1463 4588 si
1477 4544 1541 4601 gnon
1563 4533 1635 4591 inter
1658 4544 1757 4591 catera
1786 4552 1835 4595 sua

59 4621 68 4631 ’
183 4623 234 4681 bus
247 4625 427 4683 documentis.
441 4625 489 4684 Est
501 4627 574 4684 enim
591 4634 674 4683 taron
693 4627 755 4685 lidei
783 4638 810 4695 et
836 4600 1027 4687 sanctimo'⁰
1038 4622 1152 4689 11101111,
1175 4623 1287 4694 ianuam
1307 4624 1581 4684 11111111111111111111
1596 4627 1761 4701 effregerunt
1776 4648 1784 4685 ε
1810 4632 1834 4688 si

184 4717 238 4773 uim
250 4716 347 4774 beatus
369 4716 516 4789 Hpbesius,
539 4728 568 4774 ut
595 4733 767 4790 quocumque
789 4721 981 4791 perrexerit‚⁸
1037 4730 1091 4772 non
1107 4717 1244 4774 irruentes
1263 4718 1291 4773 iu
1307 4717 1462 4776 Luciferum
1489 4720 1677 4778 fidelissimum
1705 4722 1835 4780 sacordo-

181 4825 246 4870 esm
260 4811 345 4885 gratia
358 4810 450 4867 diuina
464 4812 619 4870 comitetur.
636 4813 763 4870 Probavit
787 4814 839 4872 boc
861 4824 890 4873 et
904 4816 983 4888 plebs
1034 4800 1833 4879 ten‚dtninaquoqueaeramentaverteruntununquem-

182 4911 276 4961 sancta
298 4902 370 4976 apud
380 4903 575 4977 Oxyriucbum,
590 4904 670 4962 beato
688 4905 838 4966 Heraclida
859 4924 983 4966 commu.
1033 4909 1087 4964 que
1102 4894 1157 4951 illic
1168 4894 1203 4951 de
1215 4893 1451 4969 bislratribnsqui
1462 4909 1650 4956 conuenerant
1664 4901 1746 4972 impia
1757 4902 1833 4961 cede

182 4997 289 5068 nicans,
303 4997 451 5070 quatttum
466 4999 502 5055 ob
510 4999 635 5056 meritum
649 4999 748 5057 divinae
760 5004 856 5076 gratiae
867 5005 910 5074 pia
923 5003 983 5077 ejus
1033 4985 1189 5042 mumma·
1210 4985 1331 5057 Νθῧθῐὶῑι
1362 4987 1386 5043 ⁸³
1406 5003 1460 5043 ”⁰¹¹
1480 4988 1561 5046 '¹⁰4⁵‘
1580 4993 1651 5061 ίῬΜ
1679 5007 1710 5048 ⁵²
1737 5001 1832 5050 bineli

180 5092 328 5151 dilectione
342 5091 501 5160 constricta,
518 5099 547 5148 ut
561 5093 699 5163 quondam
716 5094 810 5151 Asiani
826 5097 979 5168 apostolum
1033 5079 1146 5150 mimici
1161 5094 1225 5136 ”²⁵²
1243 5095 1304 5150 ‹1¹¹ae
1317 5088 1382 5137 ²⁰⁰⁰
1403 5083 1485 5153 imile
1504 5083 1632 5143 Ltlcifbffl
1645 5086 1831 5158 diripuerunt,

181 5184 294 5246 Paulum
317 5202 380 5245 cum
405 5200 504 5259 magno
524 5186 588 5242 dcto
617 5186 730 5244 deduxit
751 5188 978 5259 proticiscentem,
1032 5186 1094 5229 cum
1107 5170 1193 5228 saeris
1206 5171 1345 5229 codicibus
1357 5174 1508 5245 possident.
1524 5178 1601 5235 'lunc
1623 5180 1716 5251 utique
1740 5180 1832 5239 Turbo

217 5276 303 5334 m,
319 5277 379 5336 quo„
392 5275 451 5334 ιω
460 5275 588 5334 pqudqnqq
602 5277 692 5334 ,quaro
717 5277 864 5350 loquamur,
888 5279 937 5337 ,eq
951 5291 981 5339 „q
1031 5281 1093 5324 cum
1101 5265 1236 5339 Hutgcbio
1248 5264 1378 5326 baretico
1388 5271 1556 5329 versabatur.
1568 5271 1609 5329 Hx
1622 5282 1686 5331 tunc
1695 5290 1727 5332 se
1736 5274 1833 5334 catino

180 5369 252 5429 cairo
266 5373 386 5442 passius,
400 5388 481 5445 qnam
492 5379 595 5429 unqua
609 5381 637 5428 qr
650 5371 745 5430 fideles
756 5373 854 5429 antmae
867 5373 918 5430 sub
930 5390 979 5430 qe.
1032 5359 1114 5417 licum
1129 5360 1233 5429 diceus,
1247 5362 1397 5421 catbolioos
1418 5367 1592 5438 persequitur
1615 5369 1667 5426 sub
1682 5370 1766 5426 uestri
1781 5386 1831 5427 no·

181 5460 233 5518 stri
246 5462 364 5519 nominis
376 5465 537 5521 auctoritate
553 5464 723 5536 gratissimis
741 5465 978 5536 persecutionibus
1032 5452 1113 5509 minis
1127 5454 1308 5522 ²¹¹⁰l⁰lll⁸¹02
1332 5457 1383 5528 l)iae
1409 5458 1469 5530 spei
1492 5461 1723 5533 ⁰⁰⁰¹⁰¹¹¹l¹⁸¹5⁰¹¹0
1747 5461 1829 5521 fldem

179 5550 334 5624 ,turpantur
344 5554 379 5611 ab
392 5554 446 5622 nis,
456 5571 526 5629 quoq
538 5564 656 5624 congor,
672 5557 861 5629 ignorantum,
887 5559 974 5627 ponta,
1031 5547 1192 5605 catltolicam
1208 5548 1381 5607 vindicantis.
1395 5549 1566 5623 Permittitis,
1581 5555 1697 5628 piissimi
1711 5556 1832 5628 impera-

178 5646 262 5708 Qum
274 5661 346 5704 nunc
359 5662 446 5721 mque
458 5659 506 5705 gut
520 5651 664 5711 hael'ellm
687 5667 760 5725 ωε,
782 5661 831 5711 Μ
846 5655 975 5728 pmmj,
1030 5646 1160 5708 2010&OE
1178 5641 1327 5699 flubVGSU'l
1353 5644 1471 5703 ssomisslss
1500 5649 1674 5718 almorum,
1696 5650 1830 5708 {Mersus

212 5768 225 5872 2
241 5765 292 5823 Hs.
308 5764 394 5857 Hit-bis
406 5765 533 5852 Homnae
545 5773 705 5854 surrepant.
1065 5776 1076 5808 ⁸
1091 5777 1140 5833 Hs.
1156 5777 1223 5833 tuan
1229 5780 1337 5852 justitio
1347 5780 1436 5838 diuino
1450 5784 1598 5843 comitetur.

233 5837 289 5896 ila.
302 5837 360 5909 butt
370 5840 479 5896 medum
488 5853 533 5898 ιιι
544 5851 689 5898 torrentum.
1064 5846 1139 5906 “ils
1157 5849 1288 5918 Quantum
1300 5863 1323 5911 ct
1336 5850 1456 5912 Humano
1471 5855 1589 5928 irnperio.
