3900 6134
142 229 194 288 ast
430 217 566 282 uendit
584 218 771 316 iARCENDO
789 220 824 280 iii
843 219 940 282 teuit
960 215 1263 293 ntttuuttttuttetts
1280 214 1385 278 ttettte
1402 215 1508 281 UNUS.
1743 219 1808 279 902.

141 352 249 400 ruerunt
259 356 286 397 re
296 341 398 409 cihriir,
411 350 435 396 et
447 340 792 398 inetumiohtteruntuoide.
802 339 836 396 Et
846 350 944 397 ¹ocne-
957 344 983 406 Α
997 352 1059 398 rote.
1074 340 1143 411 Quid
1157 342 1213 398 tate
1226 356 1242 397 a
1256 341 1336 398 nobis
1347 340 1448 397 iactum
1462 337 1644 412 conspexisti,
1658 344 1689 395 nt
1703 337 1800 411 diqne-

141 446 202 492 runt
217 437 262 508 qui
274 444 377 490 monte
399 450 470 508 sequ
491 444 515 488 et
526 433 713 503 conrodiehcnt
727 433 909 489 discessionem
921 433 949 487 iu
999 436 1039 491 ris
1053 435 1149 492 dicere
1164 453 1171 490 r
1183 434 1371 490 Contumeliam
1392 434 1457 489 mihi
1473 434 1532 505 [ecit
1546 431 1667 502 Luciferi
1678 431 1726 488 iiie
1741 432 1801 503 qia·

142 529 245 586 iiodr'in
268 528 396 583 ciuitatem
416 538 444 582 st
463 527 642 597 sacrificarent
662 543 672 582 .·
691 524 742 581 et¹¹
767 526 843 582 msisi
863 525 949 584 temet
999 527 1419 600 dioeceiditreqisministrum,
1432 525 1681 595 sedeteumquem
1693 524 1803 580 viderat

142 632 306 681 accesserunt
320 622 354 676 od
369 637 423 681 eor.
446 619 481 674 Et
495 618 636 675 iiasmhim
654 628 680 675 et
692 619 742 690 fito
765 619 821 688 eim
840 634 949 691 conqre·
999 621 1033 678 de
1045 621 1149 692 {tonaio
1163 634 1214 677 suo
1227 620 1300 692 regis
1314 619 1406 677 edicta
1420 629 1526 690 equam
1544 616 1592 674 hei
1609 628 1799 689 temperassor

143 715 197 790 qoti
211 724 271 770 suot
286 728 296 768 .·
310 711 344 766 Et
361 722 372 751 ⁶
388 712 576 784 responderunt
590 713 635 783 qui
649 728 664 765 o
676 726 737 783 reqe
750 710 948 777 muniuerunt,
999 727 1063 783 equ,
1088 714 1152 784 quia
1171 711 1220 767 tibi
1243 726 1275 767 ac
1295 710 1349 767 tuis
1360 711 1449 768 verbo
1469 711 1572 767 resisto
1592 718 1620 766 et
1639 710 1714 777 dico,
1739 707 1803 765 iios

145 811 253 865 ctoiunt
265 806 404 863 iintothin
417 806 529 861 dicentes
543 822 552 860 :
565 804 690 877 Princeps
705 816 729 858 et
747 804 840 860 notttts
852 813 876 858 ct
893 819 952 859 ma-
1000 805 1152 876 deretinqno
1165 806 1337 875 apostolicam
1354 814 1432 876 utque
1450 803 1623 876 eocnqciicam
1646 804 1736 875 fidem.
1761 803 1802 860 sic

144 919 212 976 quus
232 917 259 956 es
275 901 303 954 in
327 898 429 954 ciuitate
442 899 502 957 ista.
523 906 548 953 et
559 897 730 967 confirmetur
749 894 840 966 tfittr'r
856 910 866 951 .·
880 910 950 950 nene
1000 894 1078 951 creda
1092 897 1223 965 quantodo
1238 896 1403 951 crediderunt
1417 896 1561 962 dirimam,
1575 895 1664 964 iaaac,
1680 907 1705 953 et
1718 895 1804 954 doceis

147 991 270 1048 ¹accede
293 990 403 1057 orimus,
428 993 514 1060 etque
533 988 670 1057 imperium
690 988 769 1060 seqis.
793 985 861 1042 sicut
883 987 951 1056 iece-
1000 989 1196 1061 possessurus,-
1210 988 1358 1060 indeaqnd
1374 989 1800 1047 tereuseuutumeiiarumsum.

145 1099 206 1144 rum
218 1102 305 1142 omnes
318 1096 418 1156 qemer,
435 1096 458 1139 es
471 1085 519 1140 uiri
537 1083 610 1140 tosa
622 1097 647 1140 es
659 1084 703 1154 qui
716 1083 832 1139 deretini
851 1083 951 1140 santio
1001 1082 1030 1141 Si
1056 1083 1157 1140 inisses
1186 1083 1259 1139 inter
1282 1097 1380 1138 manus
1405 1082 1547 1140 iiatathiae
1580 1083 1660 1139 istius
1687 1083 1802 1141 reiantis

146 1177 251 1245 darach·
274 1190 298 1235 et
326 1180 376 1233 eris
399 1187 427 1233 trs
449 1186 473 1231 et
495 1178 545 1248 fitii
568 1178 607 1231 tui
633 1177 712 1232 amici
733 1178 801 1249 reqis
827 1185 851 1231 cs
873 1184 901 1231 ts
924 1185 950 1232 et
1000 1176 1099 1242 Deum
1123 1182 1171 1231 aut
1196 1175 1224 1231 in
1245 1189 1329 1232 manu
1343 1174 1474 1242 Phinees,
1497 1177 1539 1231 eui
1565 1176 1751 1233 testimonium
1773 1177 1803 1234 in

145 1273 196 1341 otti
219 1272 257 1327 tui
277 1271 427 1344 qioriomini
448 1270 458 1309 ¹
474 1279 581 1344 arqento
602 1279 627 1326 et
652 1286 729 1343 curo.
757 1277 781 1324 et
800 1268 950 1325 munerihtts
999 1270 1129 1328 Numeris
1143 1270 1215 1342 apud
1231 1270 1341 1343 Moysen
1355 1269 1484 1341 perhibet
1497 1271 1581 1333 Deus,
1594 1280 1621 1326 et
1633 1271 1806 1343 alienigena·

147 1365 250 1419 muisis.
270 1363 414 1432 despondit
430 1360 763 1434 Motothiosuocemoqnn.
776 1370 801 1416 et
813 1361 881 1416 dicit
894 1375 904 1413 :
919 1359 951 1416 Si
1000 1381 1060 1423 rum
1083 1379 1161 1422 mure
1177 1366 1271 1420 risere
1292 1372 1426 1430 tentares,
1449 1364 1510 1420 sine
1528 1373 1542 1414 ¹t
1561 1363 1645 1421 dubio
1666 1373 1693 1422 tc
1712 1362 1806 1435 qtadto

147 1463 161 1505 s
176 1472 263 1513 onrnes
285 1465 375 1529 qentes
389 1470 447 1527 que
469 1456 496 1510 in
509 1455 586 1511 domo
610 1455 677 1528 reqis
701 1454 811 1508 audium
834 1469 905 1518 eum,
920 1460 950 1508 stt
1001 1457 1200 1522 interficerent,
1221 1456 1260 1512 iili
1273 1465 1300 1512 te
1314 1455 1404 1526 gladio
1416 1454 1709 1512 iuerantiuteriecturi
1721 1474 1728 1512 :
1741 1471 1805 1530 equ,

149 1550 267 1607 discedot
281 1550 500 1621 unusquisqueah
513 1550 602 1621 officio
613 1558 718 1621 patrum
728 1564 848 1613 auorum,
860 1558 885 1602 et
898 1546 951 1603 eie-
1002 1551 1066 1621 quia
1081 1549 1166 1606 verbo
1181 1549 1303 1604 animum
1319 1548 1396 1604 iilum
1413 1558 1488 1604 tuum
1508 1563 1610 1605 cruore
1632 1546 1806 1606 Christiane-

149 1655 240 1720 qerum
255 1645 284 1700 in
297 1645 538 1717 montarcenne
554 1660 601 1715 eqo
616 1643 665 1698 ¹¹et
681 1643 731 1714 filii
749 1644 798 1697 mei
813 1640 907 1696 iiimus
922 1641 951 1696 its
1003 1657 1066 1698 rum
1082 1641 1251 1697 madidatum
1269 1641 1396 1706 mittero,
1416 1656 1481 1697 reus
1494 1640 1605 1710 iudicor
1620 1642 1807 1698 eotttumeiia·

150 1749 331 1797 testamentum
350 1750 455 1810 potrum
479 1750 639 1794 nostrornm.
672 1737 801 1794 hominus
821 1739 949 1810 propitius
964 1746 989 1810 Β
1003 1751 1062 1792 rum
1078 1750 1093 1791 a
1107 1741 1145 1790 te.
1159 1732 1224 1798 Gur.
1241 1735 1405 1805 imperator,
1420 1748 1474 1789 non
1491 1734 1638 1790 ulcisceris
1653 1744 1680 1792 te
1694 1734 1729 1791 de
1743 1733 1808 1790 mei

151 1832 223 1889 nohis
238 1834 282 1897 sit,
298 1848 351 1888 non
366 1831 373 1870 ¹
388 1832 594 1900 derelinquemus
604 1832 685 1903 teqem
699 1840 723 1886 et
732 1830 953 1903 justificationes:
1002 1843 1051 1885 eur
1066 1827 1249 1884 contumeiias
1265 1837 1326 1884 tuas
1336 1843 1390 1883 nnn
1402 1826 1525 1898 digneris
1536 1826 1700 1895 defendere,
1716 1826 1809 1883 vindi·

150 1926 275 1982 oeriumi
295 1927 363 1998 reqis
382 1942 433 1981 uon
456 1924 603 1992 audiemus,
615 1940 668 1978 nan
689 1921 875 1979 deciinaiimus
889 1921 952 1991 utqi-
1001 1934 1068 1977 case
1080 1928 1107 1976 te
1121 1920 1156 1977 de
1167 1920 1279 1976 homine
1291 1919 1438 1976 mendico?
1451 1933 1502 1974 eur
1516 1933 1570 1974 nott
1584 1918 1653 1975 satis
1674 1933 1759 1988 aqetts
1770 1927 1782 1957 ¹
1794 1917 1807 1975 i

152 2021 221 2077 cium
231 2021 410 2075 deservitionis
424 2031 521 2075 nostre
533 2019 625 2074 desti-u
637 2019 677 2072 uei
689 2018 807 2072 sinistra.
826 2016 860 2073 th
875 2014 954 2072 ¹¹ces·
1003 2030 1058 2070 nun
1072 2015 1136 2084 quia
1150 2014 1233 2080 nolis,
1248 2012 1296 2070 sed
1311 2013 1375 2083 quia
1393 2011 1443 2069 tihi
1455 2012 1546 2068 adhuc
1566 2027 1621 2068 nen
1646 2011 1729 2066 iuerit
1743 2011 1809 2068 deta

151 2113 297 2183 soritioqm'
312 2129 443 2167 sennenn
454 2115 526 2179 istos,
539 2112 646 2167 accessis
658 2112 697 2166 sir
708 2108 817 2166 turon.
830 2110 857 2164 in
871 2109 955 2164 centn
1006 2115 1131 2179 potestas
1154 2108 1189 2165 ab
1209 2122 1255 2175 eo,
1276 2107 1357 2178 cujus
1375 2122 1419 2163 me
1432 2122 1494 2163 csse
1513 2107 1656 2164 confidens
1678 2106 1729 2164 tibi
1745 2104 1808 2164 iroec

153 2208 268 2264 omnium
294 2207 441 2278 sacrificare
458 2206 486 2261 in
515 2204 773 2262 Modiinaeeondum
797 2214 955 2275 preceptum
1006 2200 1094 2256 iibere
1117 2199 1180 2256 dico
1202 2213 1281 2266 soce,
1304 2214 1366 2270 quas
1379 2199 1489 2271 quidem
1501 2200 1577 2270 juxta
1594 2209 1656 2256 tuos
1672 2198 1807 2256 nefandos

153 2299 276 2372 reqisret
292 2296 302 2336 1
317 2299 380 2355 uidit
404 2296 559 2364 iiotmm’m,
582 2308 608 2353 et
621 2299 719 2352 seimus
734 2307 781 2363 est.
805 2306 830 2351 et
850 2308 954 2350 contre·
1005 2299 1085 2348 actus
1099 2305 1183 2361 prava
1199 2291 1265 2347 mitti
1289 2290 1444 2346 rideantur.
1461 2289 1523 2346 Tibi
1537 2291 1721 2363 omnibusque
1738 2289 1810 2346 diri·

154 2393 432 2465 mueruntreuesejtu,
444 2400 467 2446 ct
480 2390 645 2446 ottuiitiront
656 2390 797 2444 secundnm
805 2388 956 2462 judicium:
1006 2386 1053 2442 tiis
1076 2385 1154 2456 requi
1178 2386 1228 2452 tui,
1245 2385 1340 2455 patri·
1361 2398 1471 2456 quoque
1492 2393 1540 2439 tuo
1562 2386 1740 2442 renuntiasse
1758 2397 1811 2440 nos

154 2494 180 2540 st
193 2498 331 2539 accurrere
351 2483 387 2536 nd
400 2497 476 2537 orum
488 2482 618 2553 interiecit
630 2497 701 2548 eunt,
722 2490 746 2536 es
759 2490 779 2518 ¹¹¹
791 2481 875 2534 uirum
888 2480 958 2550 reqis
1007 2495 1071 2536 eum
1086 2479 1202 2544 rideris,
1218 2488 1246 2536 et
1260 2492 1275 2532 a
1290 2478 1346 2534 tide
1357 2478 1436 2534 nuttn
1447 2487 1530 2550 paeto
1544 2491 1718 2545 recessuros,
1733 2477 1814 2548 nolti·

156 2578 201 2648 qui
216 2579 319 2649 coqeiot
333 2578 479 2643 immature,
494 2577 590 2633 occidit
602 2578 630 2631 iu
645 2576 692 2631 itio
705 2563 834 2644 temnere,¹
849 2585 873 2631 et
883 2592 958 2631 mons
1007 2574 1079 2629 citus
1101 2574 1112 2610 ¹
1136 2573 1304 2644 inspexeris.
1330 2572 1446 2627 muttum
1469 2570 1599 2627 misereri
1613 2576 1628 2607 ¹
1649 2584 1701 2626 nos
1725 2567 1809 2638 scias.

158 2667 479 2736 murmurmurmur
491 2678 553 2726 ¹¹ett
566 2671 593 2725 in
607 2670 672 2740 the‚
688 2670 755 2725 sicut
767 2671 827 2740 fecit
846 2669 958 2725 Phiuees
1009 2666 1082 2739 quud
1105 2680 1169 2723 eum
1184 2680 1233 2722 ore
1245 2665 1329 2736 qiadii
1344 2665 1436 2720 soleas
1461 2663 1645 2734 dtsqttcernes
1664 2661 1713 2718 tibi
1726 2660 1814 2718 devo-

157 2757 284 2817 inntrtnr
305 2762 362 2829 titio
386 2760 490 2818 Sutom.
509 2760 545 2816 iit
560 2770 573 2798 ¹
587 2762 740 2817 ceetomone
767 2761 910 2817 iiotmtuos
930 2764 957 2816 in
1011 2775 1085 2828 rare,
1100 2759 1178 2817 nobis
1189 2769 1202 2799 ¹
1215 2773 1323 2830 pareus.
1336 2757 1427 2815 Credo
1441 2767 1455 2796 ¹¹
1469 2759 1580 2829 pietatis
1594 2771 1688 2824 carisa,
1705 2766 1733 2812 et
1749 2770 1816 2827 ροε·

159 2853 263 2908 ciuitate
276 2869 336 2908 unce
350 2870 445 2926 moqno
459 2854 549 2909 dicens
568 2871 578 2910 .·
597 2852 689 2908 Omnis
710 2854 819 2908 umatus
843 2864 960 2909 stomens
1009 2865 1105 2907 sumus
1119 2849 1191 2905 istud
1207 2850 1314 2907 sentire
1333 2848 1370 2906 de
1383 2858 1428 2906 tua
1443 2850 1567 2908 ienitate.
1582 2848 1692 2906 liuiinm
1707 2849 1811 2905 etenim

160 2955 340 3007 testamentum
351 2957 424 3002 esent
440 2955 498 3017 pou
509 2963 559 3002 me.
573 2945 608 3001 Et
621 2949 688 3020 sumt
698 2956 724 3002 et
738 2948 794 3020 ipse
806 2955 830 3001 et
844 2947 894 3017 fiiri
903 2951 961 3022 ejus
1011 2952 1038 3000 te
1049 2941 1234 3008 interfecisse,
1249 2958 1283 3000 ex
1297 2942 1407 3000 rntnta
1424 2954 1469 3000 tna
1484 2943 1653 3014 benignitate
1664 2940 1742 3015 quui
1754 2938 1813 2997 eoi·

159 3037 318 3108 inurentem,
330 3048 354 3095 et
365 3038 523 3109 reliquerunt
535 3055 703 3111 quecumque
714 3037 841 3095 hoheinnt
852 3040 879 3095 in
897 3041 961 3094 ciui·
1011 3037 1108 3109 tique.
1126 3037 1213 3105 Dicis,
1227 3038 1353 3109 superius
1367 3048 1414 3094 est.
1430 3037 1509 3096 Unde
1523 3038 1573 3096 tibi
1592 3037 1729 3111 superbus
1749 3047 1816 3093 esso

197 3177 260 3233 ⁸ita
274 3176 302 3233 iu
312 3177 418 3233 Genea.
432 3176 511 3235 Vers.
528 3175 592 3234 Ant.
606 3176 735 3234 Venerunt
747 3179 823 3247 iiiuc,
834 3180 878 3250 qui
889 3178 962 3238 misai
973 3175 997 3242 C
1008 3181 1124 3252 justum,
1137 3184 1191 3234 etc.

161 3261 234 3306 crem
247 3249 484 3321 arequmioeho.
496 3259 654 3325 utroquem
666 3269 720 3317 eos,
731 3251 776 3324 qui
788 3255 960 3324 conqnqerons
1051 3246 1061 3287 ¹
1083 3249 1129 3305 Sic
1141 3251 1223 3305 etiam
1247 3249 1275 3305 in
1294 3250 1400 3307 Graeco.
1427 3251 1504 3307 iens.
1520 3251 1585 3307 Aut.
1610 3247 1645 3304 iit
1663 3248 1774 3305 uidit...
1789 3255 1813 3303 et

160 3321 189 3376 irs
201 3321 330 3376 ciuitatem
345 3319 450 3387 iiodin,
465 3324 609 3391 smmoiure,
626 3334 649 3379 et
663 3322 803 3378 accendere
815 3334 890 3389 turn,
906 3332 961 3378 etu
1012 3320 1144 3376 detuit...
1165 3333 1190 3374 et
1209 3337 1335 3376 aecensus
1357 3333 1396 3379 e-,t
1417 3322 1492 3392 [uror
1512 3323 1569 3394 ejus
1591 3318 1815 3395 secundumjudi·

163 3391 219 3464 ieqe
233 3391 281 3448 Dei
294 3393 435 3449 discedere
1012 3395 1082 3448 cium
1095 3391 1172 3461 ieqir,
1185 3405 1209 3447 et
1220 3392 1337 3449 inriiierts
1351 3392 1489 3449 trucidorit
1499 3410 1556 3450 essm
1574 3409 1655 3480 super
1667 3410 1751 3449 orum.

199 3462 295 3519 ¹¹Fere
310 3482 371 3519 cmn
384 3479 434 3520 stu.
449 3464 543 3522 Germ.
561 3464 639 3522 Vers.
653 3466 716 3523 Ant.
734 3463 770 3521 iit
783 3466 858 3521 ntutti
871 3467 903 3523 de
915 3482 962 3537 po·
1048 3473 1069 3501 ¹¹
1082 3462 1200 3519 Omnino
1214 3478 1276 3519 eum
1292 3464 1400 3520 Graeco.
1418 3464 1496 3522 Vere.
1512 3466 1577 3521 Aut.
1593 3466 1647 3522 see
1667 3475 1692 3519 et
1715 3467 1812 3541 rhum,

164 3535 227 3606 prsis
248 3534 333 3590 isreel
355 3538 540 3594 consentientes
559 3547 722 3593 decesserunt
740 3538 775 3593 ed
794 3555 837 3594 eoa
855 3554 865 3593 :
880 3538 961 3595 sed...
1013 3551 1088 3609 quem
1102 3550 1149 3589 rex
1163 3533 1307 3590 Antiochus
1321 3537 1581 3606 nriserat....iuipsct
1592 3547 1716 3607 tempore.

164 3616 312 3662 constanter
323 3617 456 3663 steterunt.
1049 3615 1064 3644 ¹¹
1085 3606 1162 3663 Vere.
1186 3610 1252 3662 Ant.
1267 3607 1302 3661 iit
1316 3606 1415 3663 deictus
1439 3617 1476 3665 est
1495 3609 1575 3683 ieqem
1579 3647 1635 3666 .....
1652 3607 1743 3667 Zomri
1756 3611 1814 3683 filio

203 3676 263 3733 ¹iit
287 3681 471 3751 respondentes
493 3681 538 3751 qui
562 3681 635 3735 misai
655 3691 728 3737 crum
753 3680 788 3734 oh
812 3682 961 3748 Antiocho,
1014 3678 1128 3736 Suiomi.

167 3749 287 3806 domant
300 3748 460 3807 diutotht'ae:
476 3750 605 3819 Princeps
620 3763 644 3806 et
662 3751 857 3809 charissimus...
876 3752 964 3809 inhuc
1052 3759 1064 3786 ⁰
1084 3749 1217 3820 Congruit
1239 3750 1349 3819 pertitus
1371 3766 1432 3805 ettm
1459 3767 1512 3807 ms.
1529 3751 1623 3808 Germ.
1648 3751 1727 3808 t'ers.
1749 3757 1816 3812 Atti.

168 3822 524 3893 uniusnesnnmnsfittts
545 3835 568 3876 ct
589 3821 966 3892 [rnrrttor.tters.ttnr.1tt·
1017 3821 1107 3876 Omnis
1125 3822 1168 3892 qui
1190 3818 1275 3875 seium
1297 3822 1371 3877 hehet
1394 3820 1468 3896 ieqir,
1499 3832 1615 3880 statuens
1619 3859 1675 3878 .....
1689 3822 1725 3879 Es
1748 3827 1816 3900 q'ttqii

167 3905 285 3948 cemes...
299 3900 324 3948 st
337 3892 430 3948 nohiirs
440 3909 501 3948 eunt
512 3892 624 3960 Grrecm
638 3894 825 3966 responderunt
837 3911 899 3952 eum
911 3909 962 3950 ms.
1015 3894 1120 3962 ipse...
1136 3892 1165 3947 in
1179 3903 1288 3957 montes,
1309 3903 1362 3949 etc.

168 3962 263 4023 Germ.
1052 3974 1067 4014 r
1086 3963 1310 4021 subandiendum
1322 3965 1417 4036 unqu,
1438 3965 1482 4022 vei
1498 3966 1593 4037 potiar.
1615 3975 1643 4023 et
1663 3964 1717 4026 hec
1731 3968 1815 4027 modo

203 4031 217 4073 d
231 4035 408 4104 Confirntotus
417 4037 492 4106 tiliis,
503 4045 527 4092 ct
539 4034 674 4105 [ratribus.
686 4036 773 4094 Vatic.
786 4053 847 4094 eunt
856 4037 963 4096 Graeco.
1017 4051 1091 4106 saepe
1105 4038 1235 4104 itnqtritur.
1251 4034 1303 4092 tn.

205 4103 311 4162 ¹iens.
327 4111 390 4161 Ant.
409 4109 477 4178 erqo
491 4109 585 4163 accede
596 4110 701 4178 prior...
711 4110 851 4181 jamnor...
865 4125 966 4164 remon-
1054 4117 1069 4158 t
1088 4105 1152 4162 Sine
1165 4106 1245 4162 duiio
1262 4117 1317 4165 etc.
1341 4107 1422 4165 Prius
1435 4109 1590 4165 membrum
1614 4124 1629 4165 e
1650 4108 1819 4170 dormitante

169 4188 257 4260 serttnt
275 4180 304 4234 iu
326 4175 483 4242 terentem.
498 4189 521 4232 et
541 4181 626 4235 eris...
642 4180 710 4235 inter
729 4183 826 4236 amicas
847 4183 926 4255 nqis,
942 4189 968 4236 et
1018 4177 1133 4234 librario
1146 4176 1319 4236 ettornanm
1333 4181 1459 4252 equidem
1472 4190 1548 4253 puto.
1561 4180 1687 4239 Guiinnd.
1703 4181 1817 4241 Videtur

170 4266 212 4304 out
233 4249 422 4320 itficotosouro
435 4261 459 4305 et
473 4267 503 4304 er
520 4260 588 4306 ento.
895 4300 901 4315 ,
1018 4259 1093 4306 certe
1106 4249 1268 4306 redundare.

209 4268 231 4359 h
242 4323 293 4402 tro
303 4321 488 4391 qtorr'aiimini.
498 4268 550 4404 hrt.
563 4321 612 4380 sed
623 4322 752 4378 mendum
764 4323 839 4378 inest
852 4322 969 4379 tortasse
1057 4329 1075 4403 ¹·
1089 4317 1142 4375 Cur
1155 4337 1207 4376 non
1217 4322 1253 4375 sis
1264 4339 1354 4394 oqena.
1374 4321 1445 4379 Gaii.
1469 4323 1560 4378 minus
1573 4333 1667 4391 reete;
1693 4325 1817 4398 intetttqs

172 4389 200 4445 in
223 4391 289 4446 edrt.
305 4391 378 4460 quud
394 4391 553 4449 Gattnndrus
575 4395 657 4450 eriam
684 4392 799 4466 corrigis
821 4393 855 4449 ad
877 4393 967 4451 Graee.
1019 4402 1122 4465 potrus.
1134 4407 1179 4444 cur
1191 4408 1241 4446 non
1254 4409 1280 4446 es
1294 4405 1423 4466 satoqeun
1437 4393 1526 4459 idest.
1541 4397 1591 4448 hcc
1601 4396 1628 4447 irs
1638 4410 1667 4448 re
1677 4394 1815 4456 soiiicitru.

172 4460 370 4529 tenesmum.
1057 4460 1116 4516 ·td
1130 4459 1297 4517 estdiahoia.
1408 4474 1438 4509 rs·

210 4543 223 4582 t
245 4533 280 4589 Ut
302 4551 328 4587 m
354 4533 452 4590 Graeco
468 4550 475 4588 ε
490 4537 574 4592 Πάντα
595 4539 630 4593 τὰ
652 4535 721 4603 ἔθνη,
747 4539 781 4593 τὰ
803 4538 829 4593 ir
849 4534 909 4610 cinq
922 4545 969 4599 τῆς
1060 4532 1069 4568 i
1093 4529 1248 4586 Putiicr'tus.
1272 4530 1363 4588 Latin.
1380 4531 1427 4598 qui
1453 4546 1564 4589 sensum
1592 4533 1735 4606 crtttjunqit
1754 4553 1817 4596 enm

171 4604 318 4679 βασὼὶας.
330 4608 466 4663 ἀκούουσιν
476 4608 567 4663 αὐτοῦ.
582 4607 658 4663 vers.
672 4609 738 4665 Aut.
751 4606 787 4663 iit
796 4610 967 4679 respondit...
982 4597 1010 4661 D
1021 4602 1105 4659 rerba
1117 4615 1311 4668 mecummet
1322 4603 1453 4673 urebatur
1463 4620 1478 4659 a
1490 4604 1635 4662 Gaiiendin
1646 4623 1653 4659 ε
1663 4607 1710 4665 sed
1720 4609 1814 4668 aliter:

172 4688 197 4732 et
210 4677 232 4731 ci
247 4692 335 4731 amnes
349 4692 438 4748 qemcs
451 4680 507 4751 reqr'
522 4677 649 4733 Antiocho
667 4679 836 4735 obedirem...
855 4696 872 4734 a
890 4680 970 4736 seroi-
1024 4674 1064 4731 Tu
1077 4675 1206 4746 uoiiirittts
1219 4677 1333 4737 diritius.
1345 4685 1369 4731 et
1384 4676 1521 4745 diquitotcs
1532 4678 1688 4745 inspexeris,
1709 4698 1819 4740 necnon

174 4756 228 4803 tute
242 4748 305 4823 ieqis
319 4760 423 4820 patrum
438 4764 546 4803 suorum
556 4759 580 4803 et
595 4753 738 4804 consentiet
753 4752 885 4807 mundetis
900 4754 968 4824 ejus.
1022 4762 1170 4802 recessuros
1191 4764 1207 4801 u
1229 4747 1282 4816 ride
1301 4748 1437 4821 promissis
1458 4749 1509 4803 ttria
1522 4750 1639 4804 attestor.
1662 4750 1742 4819 Vide,
1758 4768 1820 4820 qum

176 4818 270 4875 Sabat.
296 4820 364 4890 legit
376 4821 402 4874 iu
416 4817 503 4874 Lucri.
520 4821 585 4887 Quo
605 4822 632 4875 in
644 4821 722 4877 domo
734 4823 803 4895 reqie
824 4831 929 4879 sarth...
946 4830 971 4877 et
1023 4818 1266 4873 animadvertimus
1277 4823 1304 4873 tn
1318 4818 1367 4875 iiis.
1382 4817 1550 4874 dioriendttm
1560 4836 1616 4877 esse
1627 4839 1675 4891 pro
1688 4823 1745 4893 filio
1759 4824 1820 4880 Dei.

175 4892 335 4946 consentium
347 4891 477 4946 omudotie
488 4894 555 4964 ejus.
1059 4896 1073 4925 ¹
1094 4885 1199 4943 iiisosi.
1214 4890 1303 4945 Latin.
1316 4890 1364 4946 sed
1381 4900 1456 4947 recte
1469 4892 1598 4960 misereri,
1615 4893 1642 4949 id
1665 4904 1720 4963 est,
1743 4910 1822 4969 super

211 4959 225 4998 ¹¹
244 4962 313 5018 Cum
328 4978 380 5018 ms.
394 4962 487 5018 Germ.
505 4971 605 5032 praeter
617 4961 645 5017 in
667 4972 829 5031 testamento,
845 4973 872 5020 et
893 4962 972 5019 addi·
1024 4975 1071 5015 uos
1083 4959 1164 5030 ipsae,
1177 4962 1221 5029 qui
1231 4977 1279 5032 pro
1292 4959 1394 5017 Christo
1408 4978 1461 5017 nou
1474 4963 1657 5035 imcrqicimur.

176 5041 232 5088 tum
244 5043 268 5088 et
281 5040 376 5105 tratres
390 5033 451 5089 mei.
469 5033 547 5088 Vere.
564 5041 627 5089 Ant.
643 5031 700 5109 iiqo
714 5045 740 5091 es
753 5036 804 5107 fiiri
818 5035 868 5090 mei
883 5043 907 5089 et
916 5039 972 5106 tro-
1060 5041 1074 5068 ¹
1095 5027 1178 5085 Nohis
1193 5042 1287 5086 tomen.
1304 5031 1390 5089 terre.

170 5113 228 5174 trer
241 5107 292 5160 mci
307 5104 454 5160 ohediemnt
471 5096 522 5178 ieqi
536 5115 590 5161 ete.
1063 5110 1076 5139 ¹
1096 5101 1205 5156 itureae
1223 5105 1362 5160 territatem
1383 5104 1470 5172 iiiam,
1486 5115 1514 5162 et
1528 5105 1747 5177 qtrttosoqtrtcsm
1773 5124 1823 5183 pa·

217 5173 225 5213 ¹
249 5176 327 5232 Vera.
352 5179 416 5230 Ant.
437 5172 499 5231 Nan
514 5186 551 5232 eat
566 5174 640 5232 nohis
654 5178 718 5234 stite
731 5178 878 5250 relinquere
888 5177 973 5249 icqem
1027 5172 1150 5230 tientiam
1161 5172 1256 5229 reierri
1269 5188 1395 5245 possunt,
1408 5191 1490 5248 qnam
1505 5176 1687 5234 Constantius
1710 5179 1824 5237 stincta-

177 5256 202 5301 ct
226 5247 336 5303 'uscrrios
347 5244 406 5300 liet.
1026 5245 1084 5314 bat,
1102 5243 1145 5302 sir
1164 5247 1330 5314 ceteroquin
1345 5248 1524 5313 sevissimus,
1539 5250 1642 5319 quique
1658 5252 1823 5308 Arianornm

249 5319 377 5392 τὸνλόγον
391 5315 479 5374 Graec.
495 5319 522 5372 in
537 5316 644 5389 compl.
660 5318 740 5376 iera.
756 5319 822 5377 Ant.
845 5319 909 5376 Non
923 5336 973 5375 uu·
1026 5330 1136 5373 suornm
1151 5317 1268 5373 eottsiiio
1287 5317 1349 5374 ideo
1363 5318 1487 5390 martyrii
1506 5322 1690 5377 consummati
1706 5323 1823 5391 gloriam

181 5389 280 5445 diamur
296 5392 374 5444 suin
384 5389 452 5460 reqir
467 5387 601 5455 Antiochi·
612 5391 873 5462 nrcsncrificohtmus
885 5401 971 5446 trous·
1026 5386 1153 5443 Lttciieru
1165 5388 1320 5458 denegarit,
1337 5393 1398 5457 quia
1415 5403 1445 5442 se
1458 5389 1582 5456 eq'nsdem
1606 5391 1736 5461 cupidum
1761 5410 1824 5453 esse

180 5466 324 5552 qredrentes
338 5458 402 5532 ieqis
418 5468 512 5550 nostre
525 5459 660 5527 mnttdsta,
672 5471 798 5543 uteanrus
817 5460 900 5516 nitere
919 5461 972 5516 uia.
1027 5458 1661 5541 satuenresetereuarmmeBarnu.adsessos.
1674 5464 1761 5534 neti,
1775 5465 1821 5524 80.

180 5528 842 5685 ¹instruentiumiul·...n
859 5611 977 5675 n...
1030 5528 1828 5677 ¹¹¹...ttttsttdiitsduttttht:

181 5690 255 5730 orum
266 5689 293 5728 m
306 5670 427 5726 dicdum.
441 5671 521 5728 ten.
538 5674 603 5729 Ant.
619 5671 658 5728 tm
676 5681 763 5738 st....,
778 5672 856 5729 serio
874 5675 977 5733 iter...
1030 5673 1139 5730 antiano
1150 5671 1300 5730 iireciiino.

181 5741 435 5819 quidnntmtom...
447 5743 613 5818 idaiissrtpcr
621 5744 840 5804 nonuncium
851 5743 978 5803 iiodirs...
1093 5812 1126 5818 Η,
1146 5812 1149 5818 ,
