3900 6134
165 246 215 305 att
744 245 902 305 sauctus
922 243 1085 307 DUASUS
1103 245 1203 302 ΡΑΡΑ.
1761 249 1817 306 ets

201 360 294 417 dende
310 361 452 425 sententia,
467 358 583 431 ejusdem
594 355 684 431 ngici
697 359 884 416 ordinationem
908 374 966 415 tuot
979 359 1007 427 Δ
1019 361 1089 417 narii
1116 375 1268 420 recensere.
1294 365 1330 420 At
1354 377 1416 418 eum
1440 361 1530 418 nullus
1551 376 1646 418 eortrm
1663 371 1816 434 temporum

202 452 294 513 italien
308 452 420 529 quandam
433 449 550 506 concilio
560 448 726 521 defenderit?
1018 454 1145 525 scriptor,
1169 469 1201 513 ne
1224 453 1355 524 Gregorio
1382 454 1492 523 quidem
1507 454 1678 513 Nazianzeoo
1691 468 1816 527 excepto,

202 544 223 599 l.
252 544 319 608 Cum
335 543 364 600 S.
391 542 537 612 Gregorius
560 540 765 609 Nmiarueuns,
787 557 868 614 ortem
892 556 965 601 attnu
1017 545 1062 614 gui
1081 543 1156 598 illum
1181 544 1304 616 prolecto
1330 546 1431 614 optime
1446 558 1570 611 uouerat,
1596 547 1665 601 ltaue
1679 547 1817 607 illidicaru

169 638 262 709 elapso
291 631 792 705 saltemineunteConstantinopolim
820 634 967 691 accessisse
1018 634 1205 700 inscripserit,
1227 651 1324 693 rerem
1338 651 1389 707 ego
1413 653 1447 692 ue
1470 636 1540 693 locta
1553 637 1751 706 Tbentioretus,
1768 656 1818 695 oo·
1863 668 1867 673 ·

167 732 301 796 dlriotus,
318 744 378 784 eam
395 726 545 786 Ecclesiam
559 742 609 800 pro
624 729 752 800 episeopo
765 727 968 801 administraret
1019 726 1091 781 mioe
1104 725 1245 797 deceptus,
1274 728 1420 784 Mariorum
1437 745 1519 783 ιιιιιιιιι
1534 743 1583 799 pro
1601 731 1655 787 alio
1670 734 1817 802 acceperit,

168 837 265 895 magno
292 820 431 892 religionis
454 820 537 886 bono,
560 834 653 893 parum
667 818 753 874 abluit
767 819 831 889 arrio
847 818 968 877 Ecclesia
1018 815 1093 871 illum
1110 819 1286 886 posteriorem
1300 820 1415 882 scilieet,
1431 821 1474 890 qui
1493 831 1553 890 post
1567 819 1733 890 Ephesioum
1751 838 1819 881 eon·
1882 805 1885 809 ⁴

168 913 225 986 ipsa
239 924 320 991 atqtre
335 913 408 973 Urbe
427 913 618 969 exturbaretur
633 910 727 967 lraude
741 908 849 965 llasimi
864 909 966 983 Cynici.
1019 908 1122 975 cilium,
1135 919 1216 979 atque
1234 909 1327 965 irritam
1342 926 1402 967 cum
1416 909 1703 996 Gyrillqcuncurdiam
1720 912 1819 972 babitu

168 1006 223 1063 lies
237 1022 298 1062 cum
320 1007 386 1079 ipsis
411 1006 493 1062 etiam
513 1004 619 1077 cognita
635 1007 681 1071 sit,
704 1004 749 1072 nui
770 1002 970 1060 ecclesiasticas
1020 1001 1145 1057 nrouachi
1168 1001 1301 1068 indutas,
1327 1010 1355 1058 et
1382 1002 1537 1074 apatttmrit
1560 1019 1645 1059 errare
1669 1009 1778 1075 ferrens,
1801 1019 1817 1061 a

169 1100 299 1165 historias
321 1099 435 1156 summis
455 1107 559 1154 tantum
573 1096 650 1158 labiis
663 1097 849 1168 degustarunt,
872 1110 903 1151 ea
919 1108 969 1164 ego
1020 1093 1123 1150 taraone
1134 1095 1307 1151 Aratiocbeuo
1319 1096 1417 1151 missus
1434 1112 1481 1166 per
1496 1095 1636 1152 Drieotetn
1648 1097 1744 1153 dicitnr
1754 1112 1818 1155 cum

170 1194 311 1249 dumtaxat
333 1192 450 1264 eligam,
466 1207 527 1263 quae
548 1191 581 1246 ad
603 1192 746 1248 llatoasum
769 1191 915 1261 pertinent.
944 1188 970 1251 ls
1020 1187 1195 1261 imperialibus
1216 1188 1318 1255 litteris,
1332 1198 1360 1243 et
1373 1190 1509 1260 praeceptis
1523 1189 1705 1260 praefectoriis,
1726 1189 1819 1245 ratbe·

169 1287 260 1357 itaque
274 1284 444 1341 ambitiosam
459 1294 541 1355 atoue
570 1283 736 1354 illegitimam
748 1280 842 1353 Cynici
858 1281 970 1337 ordina·
1020 1280 1085 1336 reris
1098 1281 1248 1351 tanpnarern
1263 1279 1467 1348 disseminaret,
1481 1289 1561 1353 atqrre
1580 1280 1724 1342 anathema
1737 1280 1821 1338 lerret

169 1381 271 1435 tionem
285 1377 389 1441 lrrit'am
404 1375 589 1444 denuntiarit,
602 1376 663 1433 data
676 1375 729 1437 boc
747 1389 819 1429 antro
834 1374 867 1430 ad
882 1372 971 1430 bebo.-
1021 1371 1151 1429 adversus
1165 1387 1222 1435 cos,
1248 1373 1295 1443 urai
1318 1372 1479 1442 apollinarii
1502 1372 1682 1431 Deliramcuta
1709 1375 1823 1444 eiusque

170 1472 236 1527 lium
251 1470 537 1538 Tltessalnoiceusem,
552 1469 720 1536 Eruidlcum,
743 1467 887 1537 Serenam,
902 1468 972 1528 Ura·
1022 1464 1134 1521 berasts
1147 1465 1423 1521 verreoadeteserant
1437 1464 1484 1538 (s).

169 1563 260 1634 uiutu,
275 1561 428 1635 Philippum
444 1569 472 1618 et
490 1561 622 1618 loarrrrem
644 1561 803 1635 grauissima
820 1573 902 1634 atque
915 1561 972 1619 ele-
1042 1554 1090 1615 'tt
1110 1554 1259 1625 Episcopus
1282 1555 1344 1611 illos
1364 1556 1543 1623 ordinatores,
1565 1571 1632 1627 quus
1648 1556 1778 1613 Damasus
1791 1555 1822 1611 ab

170 1653 326 1725 gratissima
342 1652 389 1707 illa
404 1652 532 1722 epistola,
543 1667 622 1722 quom
634 1651 706 1708 iuter
717 1650 827 1718 mrtltas,
838 1666 906 1722 quas
921 1653 972 1706 Da·
1023 1647 1140 1721 AEpgptn
1153 1650 1278 1709 uenientes
1291 1650 1344 1714 ait,
1367 1664 1381 1705 a
1399 1650 1479 1706 Petro
1494 1650 1678 1708 Alexandrino
1690 1651 1824 1707 Gonstau·

171 1759 276 1800 mesum
288 1744 315 1799 in
327 1743 376 1798 ltac
386 1757 468 1799 causa
479 1741 606 1797 Nicotaus
617 1741 629 1798 i
640 1743 783 1813 scripsisse
796 1750 939 1811 meinorat,
956 1757 971 1798 e
985 1747 1011 1810 B
1024 1739 1164 1810 tiuopulim
1182 1741 1291 1807 missos,
1306 1751 1335 1796 ut
1355 1740 1500 1799 ilasinmm
1516 1743 1574 1810 rrius
1587 1743 1704 1801 civitatis
1718 1743 1825 1813 episco-

171 1835 291 1893 tenebris
318 1837 423 1890 enatam
448 1833 616 1901 llolsteuius,
634 1835 676 1889 tir
699 1834 821 1906 apprime
834 1833 931 1890 doctus
945 1842 974 1892 et
1024 1848 1087 1905 pom
1106 1834 1314 1901 constituerent,
1337 1834 1486 1906 Gregorius
1501 1835 1559 1905 ipse
1574 1836 1712 1902 testiscst,
1726 1838 1768 1891 cui
1783 1845 1824 1890 ta·

172 1927 318 1996 singularis
330 1926 438 1999 judicii,
462 1927 567 1999 primus
579 1926 664 1985 edidit
687 1927 712 1982 in
727 1926 849 1982 Gaurana
870 1926 972 1983 collec·
1024 1941 1088 1987 suen
1112 1925 1312 1983 Alexandrinus
1336 1926 1383 1983 ille
1397 1927 1494 1997 praesnti
1520 1940 1616 1983 suasor
1641 1935 1720 1984 autea
1741 1935 1825 1996 annue

171 2019 254 2081 tione,
279 2033 311 2075 ac
323 2014 499 2073 Constantius
522 2016 620 2072 deinde
635 2017 705 2073 iuter
718 2017 825 2072 Damasi
839 2017 973 2087 epistolas
1024 2029 1118 2076 auctor
1140 2020 1239 2086 luerat,
1262 2029 1293 2077 ut
1314 2020 1463 2077 Ecclesiam
1479 2019 1554 2079 illam
1571 2035 1620 2090 pro
1632 2020 1760 2090 episcopo
1774 2019 1824 2076 acl·

172 2122 269 2171 octana
281 2110 342 2166 loco
357 2111 505 2175 recensuit,
517 2125 568 2181 ego
583 2124 648 2167 rere
661 2119 768 2181 quarto.
785 2110 905 2179 Quarum
920 2107 973 2165 Ee·
1025 2114 1228 2171 tonitristraudam
1243 2121 1406 2171 assumeret.
1431 2112 1500 2169 lliuc
1515 2111 1579 2168 mibi
1604 2110 1765 2167 verosimilis
1775 2126 1824 2167 eo·

143 2274 146 2280 .
173 2204 318 2260 etesiarum
335 2203 454 2274 episcopi
469 2201 582 2270 luerint,
605 2204 696 2257 caeteri
724 2202 775 2271 illi,
789 2202 888 2270 auibus
902 2202 974 2270 epis-
1026 2221 1086 2261 rum
1102 2206 1195 2274 opinio
1211 2206 1250 2270 lit,
1278 2206 1322 2275 qui
1348 2213 1452 2273 putant,
1479 2203 1623 2259 Maximum
1647 2202 1824 2271 luctaminum

174 2298 229 2352 tola
251 2293 384 2366 inscripta
397 2302 450 2356 est,
467 2294 556 2349 trullus
569 2291 669 2365 prodit.
693 2292 733 2349 nd
747 2293 974 2357 Thessalonicen·
1024 2297 1113 2367 ipsum
1126 2311 1197 2363 esse,
1212 2310 1291 2366 quem
1308 2294 1472 2351 athanasius
1487 2304 1515 2351 et
1537 2296 1653 2351 basilius
1666 2294 1773 2366 scriptis
1786 2295 1819 2351 ad

174 2405 231 2446 sem
245 2402 334 2447 tamen
349 2388 519 2463 metropolim
531 2387 694 2459 pertinuisse
708 2394 826 2454 oportet,
840 2385 973 2457 siquidem
1024 2405 1085 2447 eum
1111 2388 1210 2446 litteris
1232 2390 1353 2459 impense
1367 2389 1487 2455 laudant,
1502 2404 1582 2459 quem
1602 2400 1744 2460 propterea
1757 2386 1823 2446 uintt

175 2479 335 2536 Ambrosius
351 2479 392 2550 (a)
408 2477 539 2535 &aarum
553 2486 581 2534 et
594 2477 758 2550 Philippum,
770 2490 818 2532 eos
831 2477 905 2548 ipsos
920 2477 974 2533 sci·
1025 2483 1122 2541 urinum
1145 2491 1199 2547 est,
1225 2481 1248 2537 si
1268 2480 1364 2537 Petrus
1390 2478 1529 2535 btltanasii
1545 2493 1699 2545 successor,
1717 2477 1824 2535 vacanti

173 2574 237 2630 licet
251 2573 348 2647 qttibus
371 2571 418 2627 illa
434 2571 600 2637 inser-ibitur,
626 2569 862 2626 Thessalonicenses
889 2586 974 2627 serer-
1024 2571 1332 2640 constantinopolitane
1344 2570 1482 2637 Ecclesiae,
1494 2571 1539 2642 ιιι
1554 2571 1738 2641 praeficeretur
1765 2568 1824 2625 idu-

175 2669 257 2737 dotes,
275 2663 309 2742 ed
323 2679 381 2719 eam
395 2678 493 2735 nerrtpe
508 2659 678 2732 metropolim
691 2661 867 2733 pertinentes,
881 2669 972 2733 vocat,
1025 2681 1106 2723 ocum
1121 2666 1237 2721 ccrrsuit.
1252 2664 1329 2721 Nune
1342 2680 1407 2721 reru
1419 2665 1442 2718 si
1456 2665 1517 2734 apulo
1527 2679 1586 2719 earu
1599 2662 1705 2719 Damasi
1721 2661 1825 2731 episto·

175 2756 279 2813 abbae
309 2756 418 2813 Damasi
443 2745 559 2828 epistola
586 2755 706 2827 triennio
734 2753 854 2810 noudum
881 2762 973 2811 trans·
1025 2758 1079 2813 lam
1090 2758 1192 2813 crtmiis
1202 2756 1336 2824 conserat,
1347 2772 1407 2827 que
1417 2754 1601 2813 Nazianzenus
1611 2756 1649 2811 ait
1661 2754 1824 2814 ioCarmioe

179 2860 250 2906 aeto.
1025 2848 1123 2905 desita
1135 2864 1194 2915 sara,
1207 2857 1301 2920 aperte
1312 2846 1497 2918 deprebeodct
1506 2845 1656 2902 Romanum
1667 2845 1742 2903 lllnm
1754 2861 1825 2917 poo-

212 2942 307 3005 Causac
330 2957 378 2998 cur
394 2940 525 2996 Damasus
536 2955 595 2996 eam
611 2939 810 2997 ordinationem
825 2939 852 2995 in
868 2939 974 3003 irritum
1025 2942 1124 2999 tilicem
1139 2941 1205 2996 nilril
1230 2939 1340 2995 latuisse
1354 2955 1457 3009 eorum,
1481 2955 1541 3009 quse
1565 2953 1626 2994 cum
1649 2937 1709 2994 bace
1734 2936 1825 3003 labaala

177 3036 292 3108 miserit,
314 3035 405 3106 plures
422 3043 485 3091 suot
500 3052 506 3089 :
524 3034 551 3089 l⁰
565 3032 637 3105 quod
650 3033 685 3087 ab
697 3032 835 3096 extraneis
848 3028 973 3087 conlecta
1025 3043 1160 3106 ageretur,
1179 3035 1325 3104 contigisse
1339 3033 1408 3089 alter
1421 3040 1633 3099 comrnemorat3
1647 3031 1770 3102 adeoque
1782 3031 1824 3087 als

175 3125 274 3194 lucrat,
287 3128 322 3183 ab
334 3120 468 3199 episcopis
481 3125 587 3181 scilicet
598 3123 631 3180 ad
642 3140 701 3181 eam
715 3122 863 3181 Ecclesiam
874 3130 902 3179 el
913 3129 1012 3197 pto-c
1029 3139 1114 3183 terum
1138 3126 1214 3182 alteri
1244 3126 1359 3183 similem
1385 3125 1538 3192 mirabitur,
1566 3133 1595 3181 nt
1612 3125 1693 3181 verba
1708 3127 1775 3196 ipsa,
1792 3140 1825 3183 ac

177 3220 294 3276 vinciam
318 3218 384 3273 nibil
409 3217 604 3274 attinentibus:
622 3215 686 3272 binc
716 3215 876 3281 concilium,
902 3213 976 3291 qarod
1027 3221 1176 3281 sententias
1190 3220 1258 3275 alter
1272 3222 1305 3274 ab
1327 3220 1415 3274 altero
1434 3219 1574 3290 accepisse
1588 3219 1741 3276 niaeautur.
1756 3219 1826 3281 ilino

178 3329 249 3371 anuo
273 3313 397 3384 sequenti
412 3313 438 3368 iu
463 3326 494 3368 ea
510 3312 577 3369 urbe
601 3321 794 3385 congregatum
809 3317 862 3373 est,
876 3322 976 3364 caven-
1026 3313 1173 3384 eolligitur‚
1186 3328 1246 3382 aare
1256 3312 1283 3368 in
1296 3311 1328 3366 iis
1343 3311 1511 3382 inquirendis
1530 3326 1562 3366 ac
1576 3310 1724 3370 referendis
1736 3312 1821 3365 netto·

177 3405 241 3462 dum
257 3406 373 3471 censuit,
388 3419 450 3460 cao.
466 3404 494 3471 2,
511 3419 544 3460 ue
559 3404 679 3479 episcopi
700 3418 733 3458 ex
749 3418 800 3461 una
813 3401 925 3459 diaecesi
942 3400 976 3458 ad
1027 3403 1055 3463 lii
1068 3403 1146 3472 sodes,
1160 3412 1188 3458 et
1201 3402 1342 3472 diligentia
1363 3402 1452 3467 luerit,
1469 3401 1601 3473 siqttidem
1617 3401 1675 3467 lraec
1695 3402 1825 3459 Damasus

178 3495 259 3552 aliam
280 3497 429 3552 transirent
448 3496 481 3550 ad
502 3495 689 3553 ordinationes
711 3493 860 3558 iaciendas,
876 3503 922 3549 aut
942 3491 977 3551 ad
1027 3497 1062 3553 ab
1077 3497 1124 3555 illo
1138 3512 1168 3553 se
1177 3495 1305 3552 didicisse
1318 3496 1470 3567 prolltctur.
1493 3495 1661 3559 Gumautern
1676 3494 1745 3553 idem
1758 3512 1826 3566 prun·

177 3589 232 3647 alia
245 3590 362 3664 negotia,
383 3589 518 3660 jussitque
540 3600 569 3647 ut
583 3602 614 3643 ea
630 3603 689 3658 aare
703 3601 759 3642 sne
771 3597 863 3643 essent
875 3586 978 3643 diceee-
1029 3588 1094 3644 tiles
1105 3598 1176 3644 esset
1187 3588 1282 3643 codem
1294 3597 1418 3661 tempore
1428 3589 1483 3658 jnm
1497 3591 1598 3657 certior
1609 3589 1705 3656 lactans,
1717 3589 1826 3647 llarimi

181 3684 219 3739 sis
251 3688 379 3738 curarent
400 3664 558 3748 donatarum
584 3679 614 3734 2⁰
632 3680 695 3751 quia
715 3693 746 3737 eo
763 3678 898 3734 ordinatio
913 3693 978 3734 oue-
1027 3685 1140 3734 coriatus
1154 3693 1168 3732 a
1182 3676 1336 3746 Theodosio
1351 3679 1526 3749 imperatore,
1542 3679 1575 3735 nd
1588 3695 1668 3749 qrtem
1682 3679 1827 3734 Tltessalo-v

178 3781 259 3833 turno
282 3786 404 3843 tempore
430 3788 462 3829 ac
476 3772 645 3829 clandestine
668 3773 694 3826 iu
710 3769 831 3827 Ecclesia
847 3771 976 3842 inempta,
1028 3768 1096 3825 nicae
1120 3776 1184 3824 turre
1208 3780 1332 3840 agentem
1346 3769 1500 3838 carrl'ugium
1521 3778 1642 3840 ceperat,
1664 3769 1692 3825 in
1718 3771 1825 3827 irritum

179 3864 249 3921 intra
262 3863 389 3934 prolaoas
400 3863 499 3919 deinde
509 3863 582 3917 mdes
592 3859 754 3917 festinanter
766 3860 934 3928 continuata,
946 3874 978 3919 ae
1029 3864 1137 3930 missos,
1158 3878 1191 3921 ae
1215 3863 1287 3935 qtrod
1310 3865 1380 3920 orale
1402 3874 1520 3935 coeptum
1544 3865 1579 3921 ab
1599 3880 1632 3922 eo
1648 3865 1746 3932 iuerat,
1762 3882 1826 3919 nec·

179 3959 366 4010 consummata
383 3955 480 4019 luerat,
500 3967 560 4022 qrrae
574 3952 664 4006 trrrruia
683 3960 798 4020 recepte
814 3951 978 4007 ecclesiasti·
1029 3958 1130 4015 toritnte
1145 3957 1250 4029 publico
1269 3957 1324 4024 iam
1340 3957 1519 4024 destructum,
1533 3956 1594 4012 bine
1607 3957 1750 4025 discimus,
1777 3955 1826 4013 bas

179 4058 219 4099 cre
239 4042 392 4112 discipliuae
415 4041 649 4108 adversalnantnr3
676 4041 704 4097 5⁰
719 4041 781 4110 cruia
798 4041 871 4099 nulla
885 4044 977 4115 populi
1028 4052 1086 4122 ejus
1105 4051 1139 4106 ad
1158 4049 1314 4116 Asbolium,
1328 4058 1496 4120 caeterosque
1509 4050 1662 4122 episeopus,
1677 4050 1729 4104 linc
1742 4065 1826 4120 annno,

179 4150 212 4190 ac
227 4133 292 4189 cleri
316 4131 462 4202 postulatio
478 4141 651 4202 Draeeestelal
675 4150 681 4186 τ
703 4131 766 4186 Mtte
777 4132 863 4188 Julius
878 4132 978 4195 thltta-
1029 4160 1109 4219 quern
1122 4142 1292 4198 'llaeodosius
1307 4140 1362 4197 lere
1378 4143 1510 4213 integrum
1527 4142 1554 4196 io
1564 4158 1595 4196 ea
1605 4141 1673 4197 urbe
1683 4141 1827 4212 transegit,

180 4224 979 4298 ouspontilex,Gregorii,qircrniulocnmAtbaoasiiiotru-
1029 4239 1145 4308 scriptas
1167 4250 1228 4291 csse
1250 4245 1388 4306 oportere,
1415 4249 1577 4306 contraquam
1602 4233 1671 4289 baud
1688 4233 1767 4289 lacile
1789 4236 1828 4293 sit

179 4327 285 4387 serant,
296 4316 495 4373 ordinationem
507 4314 614 4372 eriasus
624 4317 771 4390 exprobrat
784 4320 844 4389 qrria
859 4330 980 4382 eatnrnns
1030 4329 1172 4405 ppmcisum
1193 4338 1300 4398 tempus
1324 4337 1453 4382 statuere.
1472 4326 1570 4383 lterum
1585 4337 1674 4381 tamen
1688 4340 1828 4397 gestarum

98 4450 105 4465 .
181 4408 267 4474 bonno,
282 4409 325 4482 qai
339 4424 389 4462 non
399 4405 453 4463 iilic
463 4405 620 4478 baptisatus,
631 4409 675 4481 qni
689 4407 862 4481 cornplnribns
876 4411 979 4484 tpnatur
1033 4422 1118 4477 series
1131 4420 1213 4490 exigit
1232 4427 1260 4474 ut
1271 4433 1318 4473 eas
1330 4416 1486 4489 Septembri
1499 4425 1546 4473 aut
1555 4416 1663 4473 Octobri
1676 4433 1768 4473 rrrerree
1780 4420 1828 4472 da-

180 4517 226 4556 nec
236 4517 252 4555 a
263 4501 427 4573 presbyteris,
440 4500 479 4555 ael
493 4501 620 4573 episcopis
636 4500 800 4571 postulatns;
817 4515 866 4558 oce
877 4501 976 4560 decere
989 4515 1017 4579 1)
1030 4522 1070 4568 ras
1085 4510 1276 4582 cnrnjicinmus;
1300 4508 1431 4581 siquidem
1459 4507 1567 4580 scriptu
1578 4517 1656 4573 suut,
1684 4498 1827 4579 postquam

181 4593 219 4647 alt
232 4592 269 4646 aie
288 4603 380 4663 proter
391 4594 487 4667 joanne
510 4593 753 4663 [nequamneuam
769 4590 977 4655 Ecclesiastico
1029 4602 1199 4668 Theodosius
1222 4601 1366 4657 Maximum
1392 4601 1535 4670 rejecerat,
1565 4615 1597 4656 ac
1618 4599 1762 4657 coracinum
1779 4616 1828 4673 pro

180 4699 303 4737 canonem
317 4684 438 4738 ardirrare
449 4699 603 4754 quemqnam
616 4683 653 4755 (b)
667 4701 673 4737 ε
686 4685 728 4738 cui
743 4682 908 4752 Atltanasius
918 4686 977 4758 ipse
1029 4695 1149 4766 episcopi
1160 4692 1456 4764 Crtostautiuopolitaoi
1469 4695 1604 4750 electione
1612 4694 1667 4764 jam
1680 4695 1827 4755 indixerat.

178 4773 382 4842 conserente),
397 4773 425 4839 4⁰
438 4774 509 4842 rpuard
525 4775 631 4828 alienos
645 4784 719 4828 essct
736 4774 917 4832 adua-istum
934 4795 977 4835 re·
1030 4787 1164 4865 Quidquid
1179 4785 1276 4840 borum
1302 4786 1349 4854 sit,
1375 4785 1446 4856 qttud
1463 4800 1512 4858 pro
1532 4795 1607 4841 certo
1620 4785 1728 4842 ridetur
1741 4787 1828 4848 asseri

179 4863 279 4934 liglnne
295 4861 402 4917 babitus
423 4862 480 4929 ttle,
505 4879 560 4934 qrru
574 4862 704 4919 Maximus
730 4867 867 4936 urebatur,
884 4885 979 4940 quent·
1031 4893 1109 4959 posse
1126 4877 1193 4935 illud
1208 4883 1258 4941 est,
1282 4875 1397 4946 scriptas
1421 4877 1482 4933 illas
1504 4875 1592 4933 luisse
1615 4878 1828 4948 postquampri.

184 4972 237 5028 que
251 4956 389 5011 Damasus
403 4954 516 5010 bolitano
538 4956 602 5010 idoli
625 4956 723 5014 merito
739 4969 825 5026 vocat,
842 4962 977 5031 siquidem
1031 4984 1122 5024 masas
1137 4971 1163 5024 iu
1179 4969 1299 5022 llumana
1318 4967 1422 5039 syuodo
1438 4967 1635 5025 Antiochenam
1654 4970 1830 5026 concordiam

181 5048 402 5121 philosophorum
425 5048 505 5116 ¹¹1¹le
517 5059 599 5104 ⁵0⁰¹ae
619 5051 739 5119 babitus,
767 5069 820 5108 ¹¹⁰¹!
846 5068 925 5110 secus
947 5070 978 5111 ³⁰
1029 5061 1250 5120 coadunaverat,
1265 5059 1425 5131 plerramqne
1439 5059 1558 5126 Malene,
1572 5070 1652 5131 atoue
1668 5060 1726 5133 ejus
1738 5061 1829 5115 oranni-

91 5158 94 5165 ’
181 5141 325 5206 idolorum,
349 5156 402 5197 nrm
424 5149 528 5195 ιιιιιιιιιι
550 5141 609 5196 sins
635 5143 727 5197 tunica
752 5145 870 5213 palliolo,
894 5146 978 5202 barba
1030 5152 1079 5209 bus
1104 5148 1377 5208 cornrnnnicatoribns
1398 5152 1619 5209 coratumuiooem
1640 5161 1827 5208 concesserat.

182 5245 361 5305 praeteream
372 5250 449 5292 corna
463 5233 652 5302 cornuorum
662 5247 695 5290 ex
708 5233 825 5295 beciano
836 5237 985 5308 liuoetld).
1028 5242 1075 5298 Ait
1089 5242 1161 5298 coita
1175 5253 1269 5315 optare
1285 5254 1314 5295 se
1328 5250 1366 5306 nt,
1378 5257 1440 5297 rum
1453 5243 1526 5299 bren
1538 5248 1658 5300 totorum
1670 5253 1744 5299 esset
1756 5241 1829 5300 Coo-

181 5328 249 5385 Eum
260 5329 448 5386 'lbeodaretus
462 5322 498 5401 (e)
513 5326 618 5383 ridetur
631 5327 704 5383 inter
716 5329 978 5402 sectatoresdpolli·
1030 5333 1205 5406 stantiuopoli
1232 5331 1378 5389 concilium
1403 5349 1452 5405 pro
1467 5333 1526 5409 ejus
1539 5334 1614 5392 urbis
1629 5333 1755 5417 eligendo
1770 5333 1830 5406 epis

194 5557 197 5563 '
215 5543 256 5764 ΞΒ
274 5542 360 5610 EDlst·
378 5543 423 5615 ib,
438 5547 508 5670 apud
521 5547 573 5607 BD.
1075 5556 1104 5626 d)
1122 5556 1185 5637 vii.
1200 5565 1257 5615 not.

283 5613 337 5669 tat.
353 5616 433 5683 epist.
475 5634 577 5684 ,nuum
591 5622 636 5681 ii.
1062 5556 1099 5779 {a
1124 5627 1192 5682 tna.
1207 5628 1256 5682 lib.
1270 5643 1299 5695 v,
1313 5642 1373 5701 cap.
1390 5630 1417 5685 8.

229 5693 254 5759 ep
273 5682 359 5757 Epist.
375 5687 481 5761 eocyel.
492 5689 528 5753 ed
540 5702 603 5773 ep,
622 5709 697 5763 num,
713 5693 741 5753 s.
1120 5697 1179 5753 tid.
1190 5698 1292 5783 synod.
1308 5699 1460 5779 adn'lng.
1477 5701 1564 5776 irem,
1578 5720 1640 5787 cap.
1655 5705 1718 5775 tat.
