3900 6134
210 222 262 280 tlt

460 213 677 278 bohbbtttttb
695 211 836 273 threnn
860 210 905 267 nb
925 200 1131 265 nutndettbtt
1151 199 1351 262 boctttttttt
1369 196 1613 261 PERTlNlCNTlA.

1816 198 1870 259 ott

208 342 271 401 ret,
284 349 316 389 ιι
334 332 429 388 diebus
440 331 582 402 ieiunarit.
605 328 737 385 Similiter
762 327 853 383 llclias
873 325 1012 380 tttatitttus
1025 325 1051 385 A
1064 317 1142 376 Uude
1161 330 1204 377 cst
1218 338 1225 375 t
1241 319 1407 389 Sacrificium
1428 317 1484 374 Deo
1497 318 1604 391 spiritus
1618 314 1819 371 contribulatus.
1837 314 1871 371 tt

210 426 418 496 Prophetarum,
435 426 480 496 qui
491 440 571 480 curru
585 425 663 496 igneo
675 423 732 493 rapi
748 423 846 478 meruit
856 422 882 476 iu
894 421 1010 485 coelttm,

212 535 274 576 cum
287 520 502 591 persequebatur
515 518 667 585 almebel,
683 516 806 588 angelico
820 516 935 588 primum
952 513 1013 570 cibo

210 618 314 686 pastus,
329 618 423 681 postca
438 611 552 666 totidem
567 610 602 665 ab
617 609 691 665 omni
706 624 769 666 esea
784 606 916 664 abstinuit
933 616 957 660 ι.

294 748 412 806 SElith
430 745 474 802 lll.
495 746 530 804 ΙΝ
551 745 718 805 bohtrttcn
738 743 926 802 Pnsstdrtts

249 882 275 937 l.
294 879 447 937 [recedente
460 880 516 951 jam
537 879 756 952 Qtradragesimtc
768 885 907 947 tempore,
922 883 949 931 ct
969 889 1016 943 ap-

213 973 459 1045 propinquantibus
468 972 659 1029 sacratissiune
669 970 888 1027 Resurrectionis
898 968 1015 1039 gaudiis,

214 1071 316 1126 tuentio
337 1070 485 1125 [tumiuieae
505 1070 641 1141 passionis
664 1069 753 1135 nobis,
772 1068 939 1124 dilectissimi
963 1067 1017 1122 tra-

1065 417 1131 498 licct
1140 415 1307 486 impossibiie
1324 414 1360 470 sit
1376 429 1536 493 corpoream
1551 411 1726 484 fragilitatem
1746 416 1869 466 nostrata

1066 509 1141 580 sequi
1149 507 1219 563 illios
1229 507 1392 562 immensam
1406 504 1547 572 deitatem,
1560 504 1630 560 bene
1640 511 1732 560 mmctt
1743 516 1807 560 euru
1822 514 1870 573 pro

1066 600 1178 655 modulo
1194 599 1372 655 humanitatis
1385 598 1542 670 sequimur,
1555 601 1578 654 sl
1593 597 1658 652 titia
1671 594 1799 666 eorporis
1822 608 1871 664 per

1064 693 1196 766 jejunium
1214 699 1243 749 et
1264 693 1403 748 orationes
1427 699 1509 763 atque
1529 689 1636 760 vigilias
1654 697 1808 745 mactamus
1825 685 1870 742 :tl

1068 787 1160 843 muudi
1172 796 1200 843 et
1213 785 1290 841 uiridi
1305 800 1397 842 coram
1414 785 1472 856 ejus
1485 784 1574 841 oculis
1588 798 1697 839 manere
1708 782 1868 856 gaudemus.

1067 878 1145 936 Unde
1159 879 1310 951 propheta:
1328 876 1474 945 decembri,
1492 877 1582 932 tnurrtli
1596 885 1685 943 estote,
1700 876 1853 948 etreliqua.

1102 972 1130 1027 ι.
1152 971 1205 1028 Sed
1229 972 1366 1042 quomodo
1389 970 1547 1027 imminente
1568 970 1643 1027 rabie
1663 968 1870 1041 persecutoris,

1068 1066 1149 1121 citam
1170 1081 1219 1136 pru
1236 1079 1270 1122 co
1291 1062 1404 1135 posituri
1424 1079 1534 1130 sumus,
1551 1063 1596 1134 qui
1613 1078 1663 1133 pro
1680 1060 1741 1132 ejus
1757 1075 1870 1126 autore,

214 1175 281 1233 tres,
297 1167 436 1223 annuatim
450 1168 578 1234 occttrrit,
595 1184 656 1239 quac
668 1165 848 1222 ttuirersalem
863 1163 1016 1220 Ecclesiam
1068 1159 1165 1214 saltem
1178 1171 1265 1229 pauco
1281 1165 1432 1228 tempotea
1448 1155 1519 1211 vitiis
1536 1165 1564 1211 et
1581 1152 1776 1226 aiq'uibuslibet
1803 1154 1872 1211 cibis

216 1259 298 1316 hodie
311 1262 463 1333 lacrymoso
477 1261 563 1317 relatu
580 1259 712 1330 percellit.
726 1261 759 1315 Et
772 1259 896 1329 quamvis
908 1257 1016 1328 plurimi
1065 1250 1190 1322 jejunare
1222 1266 1275 1305 nou
1296 1249 1462 1321 possumus?
1491 1248 1519 1303 ln
1539 1266 1592 1320 quo
1615 1247 1695 1318 igitur
1714 1249 1872 1319 passionen
1917 1290 1922 1298 .

212 1352 271 1409 dies
283 1353 466 1422 supersintab
480 1352 530 1407 ltnc
550 1368 635 1422 usqne
658 1351 692 1406 ad
707 1352 779 1408 illam
789 1394 796 1419 ‚
808 1367 868 1423 quoe
879 1359 1017 1407 auctorem
1069 1345 1142 1400 illius
1157 1345 1310 1411 imitamur,
1326 1343 1372 1414 qui
1387 1358 1402 1398 ι
1422 1342 1504 1399 uultis
1522 1342 1661 1414 spurcitiis
1675 1356 1794 1412 corpora
1808 1354 1873 1413 prc-

212 1458 292 1500 suum
308 1443 467 1499 crucidxttm
486 1443 642 1515 specialiter
656 1442 750 1500 ridere
764 1446 880 1511 meruit;
899 1453 989 1499 tamen
1002 1457 1018 1499 a
1070 1436 1214 1493 hibernus?
1227 1437 1340 1508 lusuper
1351 1435 1467 1503 etenim,
1479 1436 1551 1507 quod
1564 1435 1640 1507 pejus
1665 1444 1725 1502 est,
1749 1449 1875 1509 praeep-

212 1537 317 1594 sanctis
336 1536 458 1608 patribus
475 1552 524 1608 per
546 1537 595 1593 hos
617 1537 676 1594 dies
688 1580 695 1604 ,
707 1539 754 1606 qui
772 1547 932 1609 sequnntur,
949 1536 1017 1592 reci·
1071 1531 1105 1585 tis
1119 1531 1189 1585 illius
1203 1529 1311 1584 ttirtitcr
1326 1540 1524 1600 repugnantes,
1541 1527 1618 1600 quasi
1634 1526 1745 1583 inimice
1759 1534 1873 1584 contra·
1892 1534 1899 1543 '

213 1631 295 1686 tanda
317 1630 394 1687 nobis
415 1631 512 1686 eadem
538 1631 628 1701 passio
647 1631 847 1697 columitatem,
862 1632 980 1686 martine
1002 1644 1017 1685 n
1070 1621 1103 1677 rii
1118 1636 1223 1677 suiuus.
1244 1620 1311 1675 ham
1324 1620 1459 1676 clamante
1471 1635 1504 1676 cu
1526 1619 1553 1674 itt
1571 1619 1661 1675 Veteri
1677 1619 1874 1675 Testautentu:

214 1721 295 1777 beato
309 1720 453 1792 Gregorio,
465 1723 510 1793 qui
527 1722 552 1776 iu
567 1720 1057 1790 omuibusecclesiasticisolltciis,13
1072 1714 1130 1770 Ntttt
1145 1715 1269 1781 occides,
1300 1730 1355 1769 tton
1382 1712 1483 1768 ltttlttnt
1507 1712 1606 1781 lactes}
1630 1720 1658 1769 et
1683 1721 1785 1770 caetera
1806 1712 1876 1786 legit

212 1811 318 1869 diurnis
331 1813 436 1870 scilieet
451 1821 479 1869 et
490 1813 704 1880 nocturnalibus,
723 1815 786 1870 ltine
802 1813 935 1884 usquead
950 1813 1016 1868 Pas-

111 1961 118 1971 ,
213 1904 293 1962 chale
304 1904 414 1973 testum,
431 1907 513 1963 rerba
524 1918 551 1962 et
565 1908 665 1963 lurtum
681 1908 816 1978 passionis
832 1906 936 1963 inducit
952 1924 958 1959 :
975 1905 1017 1962 itt·

212 1997 325 2053 sinuaus
340 2013 389 2054 nos
412 2013 461 2069 pru
474 1999 521 2054 illo
543 1999 642 2077 debere
658 1997 741 2066 llere,
757 2000 816 2055 siue
835 2015 890 2072 quo
913 1999 1014 2055 nullam

213 2086 336 2145 laetitiam
349 2089 466 2160 perfecte
478 2105 622 2160 possumus
635 2092 746 2148 habere.
763 2092 932 2162 Qtticumque
951 2105 1016 2163 crgo

213 2178 406 2248 Redempturis
426 2180 513 2236 nostri
527 2183 648 2238 membra
665 2184 722 2240 tore
743 2185 922 2253 confidimus,
936 2184 1015 2240 dola·

214 2287 271 2328 rem
292 2283 320 2329 ιι
337 2273 462 2344 injuriam
483 2276 549 2330 tanti
568 2276 665 2346 capitis
678 2277 839 2332 sentiamus.
855 2277 934 2333 Unde
952 2293 1017 2347 pro-

214 2363 296 2435 pheta
313 2382 319 2418 :
338 2364 421 2421 Omne
440 2376 517 2439 caput
532 2368 702 2439 danageldum,
717 2378 742 2423 et
753 2386 827 2424 omne
837 2386 881 2424 cor
892 2386 1016 2436 nroet·erts;

214 2474 230 2511 a
243 2458 332 2529 plauto
346 2458 419 2530 pedit
434 2476 512 2531 usqne
525 2461 559 2514 etl
575 2461 694 2515 uerticem
707 2478 759 2516 uon
771 2472 807 2517 est
820 2463 848 2516 itt
861 2478 890 2517 eo
906 2464 1014 2517 renitor.

215 2549 248 2606 ht
258 2549 406 2621 Apostolus
419 2569 425 2605 :
443 2553 474 2607 Si
485 2555 583 2626 patitur
596 2571 674 2610 rttttttn
685 2556 840 2619 membrum,
853 2558 1015 2629 compotista-

215 2652 258 2698 ter
271 2645 360 2700 duania
381 2645 504 2701 irrembrn.
520 2647 589 2717 Quia
602 2661 668 2705 rere
688 2649 768 2705 altius
785 2659 813 2705 et
831 2648 1017 2706 honorabilius

214 2739 366 2795 membrum
378 2783 386 2809 ‚
397 2738 534 2798 Christum
552 2743 697 2812 videlicet,
713 2744 759 2814 qui
780 2754 861 2816 caput
881 2752 910 2802 et
923 2756 1016 2802 vertex

214 2837 371 2900 nostercst,
388 2846 495 2902 passam
511 2833 594 2890 luisse
609 2836 816 2907 cognoscimus,
831 2849 881 2891 uos
895 2837 1016 2893 membra

214 2918 343 2976 interiora
363 2925 624 2994 cumeapatiamur
641 2926 780 2983 :maxime
803 2943 865 2983 cum
890 2942 944 2984 nan
967 2943 1016 2999 pro

214 3015 335 3087 qualibet
355 3017 396 3073 sui
414 3019 552 3075 commissi
576 3019 670 3091 culpa,
684 3021 733 3076 sed
757 3036 805 3092 pro
829 3021 1016 3093 redemptione

1071 1817 1216 1879 praecepta3
1233 1806 1315 1863 relati
1331 1808 1399 1874 trani
1412 1807 1484 1862 illius
1504 1818 1600 1863 contra
1612 1823 1662 1864 nus
1676 1817 1874 1879 pibrocantes,

1070 1901 1157 1956 iosaui
1178 1910 1205 1957 et
1220 1908 1343 1955 amentes
1361 1910 1389 1956 et
1408 1900 1592 1969 rttoechaumt,
1612 1909 1640 1957 et
1655 1901 1826 1972 occidimus,
1847 1911 1877 1960 et

1070 1995 1170 2052 lurtum
1194 1995 1308 2051 tacimus
1323 2013 1329 2047 :
1350 1997 1462 2066 insuper
1476 1996 1567 2051 outnia
1588 1995 1668 2064 titia,
1683 2009 1739 2067 qtto
1752 1996 1878 2068 amplius

1070 2088 1148 2146 nobis
1164 2089 1297 2160 prohibita
1314 2097 1395 2154 suut,
1410 2103 1443 2143 eo
1458 2089 1544 2160 magis
1556 2088 1634 2160 sequi
1648 2098 1674 2144 et
1684 2103 1782 2145 amare
1797 2103 1880 2151 cura·

1069 2200 1139 2240 utus.
1161 2183 1292 2240 Similiter
1306 2184 1425 2239 minante
1440 2197 1473 2239 eo
1495 2183 1522 2237 iu
1538 2196 1609 2238 noto
1622 2182 1764 2254 Evangelii
1778 2181 1879 2239 Testa-

1069 2287 1183 2332 meuto:
1200 2276 1306 2340 omnis,
1324 2275 1370 2347 qui
1387 2275 1487 2331 dixerit
1506 2274 1583 2330 tratri
1602 2288 1653 2330 suo
1667 2273 1767 2341 racha,
1783 2285 1814 2331 et
1829 2273 1878 2347 qtti

1068 2370 1167 2425 dixerit
1184 2369 1275 2434 latuc,
1291 2384 1355 2425 reus
1376 2369 1429 2424 erit
1445 2368 1578 2440 gehentm
1600 2368 1687 2440 ignis;
1704 2382 1754 2423 nos
1774 2383 1877 2425 econ·

1070 2472 1111 2518 tra
1124 2464 1183 2519 zelo
1196 2463 1306 2518 iuridim
1322 2462 1404 2529 tacti,
1419 2462 1509 2517 omnia
1524 2460 1752 2532 improperiorum
1777 2461 1878 2518 eonvi-

1068 2556 1109 2611 cia
1122 2555 1251 2611 tratribus
1262 2556 1363 2610 uostris
1378 2555 1495 2626 superbe
1515 2563 1543 2610 et
1556 2555 1876 2627 contumaciteringeri·

1069 2663 1140 2704 utus.
1156 2648 1260 2705 Undea
1276 2648 1375 2704 talibus
1393 2658 1420 2703 et
1432 2649 1467 2702 ab
1483 2647 1525 2702 his
1536 2647 1672 2702 similibus
1687 2655 1811 2704 inetttettt
1826 2662 1878 2705 ce·

1069 2743 1164 2799 hibere
1186 2742 1335 2808 debemus,
1360 2743 1382 2796 si
1409 2741 1607 2811 redemptionis
1628 2740 1702 2797 illius
1725 2740 1878 2813 participes

1068 2849 1129 2891 esse
1142 2849 1294 2905 speramus.
1309 2833 1370 2904 lpse
1383 2842 1427 2890 cst
1440 2835 1512 2889 enim
1528 2848 1609 2890 verus
1623 2833 1752 2890 sacerdus
1763 2845 1791 2890 et
1807 2849 1877 2906 pott-

1068 2927 1134 2984 tilex
1157 2928 1307 2984 futurorum
1329 2928 1479 2996 bonorum,
1503 2927 1549 2999 qui
1574 2928 1630 2984 ltee
1651 2927 1726 2983 Patri
1739 2943 1793 2985 suo
1819 2943 1877 2985 uun

1068 3020 1226 3092 sanguinem
1240 3021 1378 3077 hircorum
1392 3030 1419 3078 et
1439 3031 1595 3089 taurorum,
1611 3020 1660 3077 scd
1674 3022 1875 3093 semetipsum,

214 3117 307 3165 nostra
322 3108 376 3179 pati
391 3110 523 3177 rohterit,
540 3120 568 3166 ut
583 3125 632 3167 nos
646 3111 799 3183 abantiqua
813 3113 914 3169 diaboli
930 3114 1017 3170 serti·
1030 3123 1053 3187 C
1068 3129 1167 3187 agnum
1198 3116 1325 3173 uidelicet
1354 3117 1575 3185 immaculatum,
1608 3117 1708 3174 obtulit
1733 3118 1876 3175 mundans

213 3208 270 3257 tute
279 3201 438 3270 redimeret,
448 3211 475 3259 et
483 3205 577 3274 patrirc
587 3203 739 3271 coelcstis,a
751 3219 803 3275 qua
815 3205 915 3276 captiti
923 3205 1016 3261 exclu-

212 3292 364 3362 debamur,
380 3306 525 3367 perpetuos
551 3296 656 3353 incolas
681 3299 792 3353 laceret.
816 3298 877 3369 lpse
898 3315 1016 3371 namque

214 3386 388 3445 ineffabiliter
401 3389 559 3446 misericors
573 3432 580 3457 ,
596 3406 649 3445 uon
665 3405 731 3447 auro
746 3406 794 3447 seu
808 3391 953 3462 cujuslibet
966 3407 1015 3464 ge·

213 3494 280 3536 nere
295 3480 409 3548 mctalli,
422 3482 464 3538 rel
477 3483 596 3553 pulchrae
610 3487 750 3542 varietatis
762 3486 865 3557 palliis,
876 3488 1026 3544 ticcetiam·

213 3581 375 3629 caeterorum
396 3574 552 3630 animalium
568 3576 704 3644 victimis,
717 3577 763 3634 sed
780 3579 890 3650 proprio
901 3594 1015 3651 corpore

212 3665 240 3722 in
262 3681 308 3722 ara
330 3667 418 3723 crucis
437 3666 493 3724 Deo
510 3667 582 3724 Patri
602 3670 758 3738 immolato,
777 3683 803 3727 et
818 3674 1014 3743 pretiosissimo

211 3761 342 3832 sanguiue
355 3759 426 3827 tuso,
441 3770 552 3833 peccata
567 3771 660 3819 nostra
679 3772 760 3834 atque
775 3764 899 3836 antiquas
914 3766 1014 3836 iniqui·

211 3864 281 3912 tates
303 3864 414 3912 nostras
429 3871 545 3928 purgare
559 3856 652 3914 voluit.
676 3856 753 3914 Unde
776 3859 928 3929 propheta:
948 3858 1015 3914 l'ere

138 3984 141 3989 ·
211 3953 350 4026 languores
364 3955 419 4025 ipse
432 3954 680 4022 tulit‚irtfirmitoter
697 3963 799 4008 trortros
820 3955 878 4024 ipse
890 3956 1010 4026 portarit.

210 4045 245 4100 ttt
256 4045 314 4116 ipsc
328 4044 462 4101 mediator
473 4054 566 4100 noster
579 4045 612 4099 ad
628 4045 737 4101 Patrem
759 4045 827 4101 dixit
843 4057 850 4100 ε
865 4045 1014 4102 Holocaus-

211 4143 265 4192 ιιι(
290 4146 314 4191 et
339 4153 386 4207 pro
413 4144 516 4207 peccota
539 4153 592 4191 non
614 4137 749 4208 postulasti
763 4153 771 4192 :
785 4147 847 4193 tutte
868 4138 923 4194 dixi
935 4180 943 4206 ,
956 4155 1014 4195 ecce

1067 3210 1259 3265 conscientiam
1283 3220 1403 3267 nostram
1416 3210 1452 3266 ab
1465 3211 1595 3282 operibus
1610 3212 1739 3280 mortuis,
1756 3213 1784 3269 id
1800 3223 1875 3271 esta

1068 3304 1210 3372 peccatis:
1235 3317 1267 3358 ac
1287 3317 1335 3373 per
1346 3304 1398 3359 hoc
1407 3305 1492 3360 semel
1517 3305 1640 3359 introivit
1662 3306 1689 3360 in
1709 3309 1877 3382 sartcta,]ut

1066 3404 1196 3466 appareat
1209 3411 1280 3452 nunc
1294 3397 1380 3452 uultui
1396 3397 1443 3453 llci
1460 3397 1548 3452 Patris
1562 3413 1611 3468 pro
1625 3397 1713 3454 nobis.
1725 3396 1781 3454 ntit
1797 3414 1876 3456 aaut·

1067 3503 1119 3559 que
1139 3487 1295 3545 sacerdotes
1317 3491 1443 3544 mactatis
1465 3489 1623 3545 animalium
1644 3490 1772 3547 carnibus
1789 3491 1874 3564 juxta

1066 3595 1169 3637 tuorem
1184 3583 1282 3638 reteris
1294 3582 1380 3653 legis,
1395 3582 1509 3653 singulis
1524 3583 1604 3640 ttuuis
1617 3584 1702 3643 semel
1719 3585 1875 3645 introibant

1066 3671 1093 3727 in
1107 3682 1219 3729 sancta:
1237 3675 1287 3730 iste
1305 3674 1436 3732 sacerdos
1452 3675 1480 3731 in
1496 3685 1646 3747 aeteruum,
1666 3678 1712 3750 qui
1727 3694 1781 3736 nott
1796 3680 1874 3739 renit

1065 3766 1152 3838 legem
1166 3769 1285 3835 solvere,
1295 3768 1342 3825 sed
1352 3769 1580 3841 adimplere,nott
1594 3773 1720 3845 singulis,
1737 3773 1788 3831 sed
1803 3776 1872 3832 ulti·

1065 3875 1110 3915 tuo
1129 3862 1192 3916 ritae
1208 3875 1362 3929 sumanuh,
1383 3872 1500 3919 nractato
1524 3879 1555 3919 sc
1570 3864 1629 3936 ipsu
1645 3864 1671 3920 in
1696 3881 1743 3921 ara
1757 3869 1870 3934 crucis,

1065 3953 1153 4008 semel
1167 3953 1288 4008 introivit
1298 3953 1324 4008 iu
1340 3966 1444 4020 sancta,
1459 3957 1484 4011 itl
1498 3957 1580 4013 estin
1592 3958 1702 4025 coelunt,
1719 3970 1748 4015 ut
1759 3958 1871 4018 lantttlia

1064 4058 1094 4100 se
1114 4059 1162 4115 per
1182 4043 1262 4101 fiderat
1287 4048 1480 4118 sequentibus,
1506 4063 1605 4105 arcana
1632 4049 1723 4107 Patris
1743 4064 1868 4122 reseret,

1064 4151 1125 4207 quc
1146 4146 1207 4208 post
1222 4136 1302 4194 linem
1329 4138 1395 4211 ipsis
1417 4139 1580 4211 possidenda
1602 4141 1737 4199 conterat.
1753 4144 1809 4201 Alii
1824 4161 1868 4203 sa-

209 4231 294 4286 oenio.
311 4231 346 4287 Et
359 4241 400 4287 est
417 4244 514 4286 sensus
527 4246 533 4283 :
547 4229 587 4285 itti
602 4232 608 4283 ι
624 4231 693 4287 bens
706 4231 805 4300 Pater,
819 4231 882 4304 quia
901 4247 950 4302 pro
961 4231 1012 4289 lm·
1064 4229 1189 4285 cerdotes
1202 4230 1311 4301 expleto
1326 4230 1453 4287 sacrificii
1469 4240 1608 4303 tempore,
1623 4233 1658 4289 ad
1674 4236 1811 4307 templum
1825 4253 1869 4294 se·

212 4324 284 4379 mani
304 4325 412 4396 generis
427 4321 615 4395 redemptione
638 4324 755 4379 trontidi
777 4333 802 4381 te
825 4325 1011 4381 holocaustum
1064 4321 1156 4392 quemi
1170 4338 1241 4378 atino
1254 4322 1408 4391 reversuri,
1422 4323 1455 4379 ad
1475 4328 1583 4397 propria
1602 4331 1700 4384 reverti
1714 4332 1866 4388 curabam:

210 4417 368 4473 ntttmattum
381 4426 501 4486 captare,
515 4417 605 4471 statim
616 4416 766 4485 diti,ecce
779 4417 860 4474 renio
872 4427 901 4473 ut
916 4418 1013 4473 immo-
1065 4415 1110 4471 ille
1127 4425 1238 4485 peracto
1257 4417 1392 4489 p'assiouis
1410 4429 1438 4474 et
1457 4422 1667 4479 resurrectionis
1682 4439 1740 4480 suae
1763 4438 1869 4500 myste-

211 4513 251 4569 lcr
273 4527 321 4583 pro
343 4509 435 4584 populi
453 4511 505 4567 mei
519 4510 617 4566 salute.
631 4511 711 4578 Ecce,
723 4509 820 4566 tratres
836 4511 1008 4580 charissimi,
1025 4511 1120 4579 Drio,
1144 4511 1177 4566 ad
1203 4512 1311 4582 proptia
1329 4511 1391 4568 coeli
1414 4513 1512 4584 palatia
1532 4530 1662 4574 reversus
1677 4526 1735 4586 est,
1751 4536 1808 4577 nott
1821 4539 1864 4579 se·

211 4606 350 4663 Christum
378 4623 427 4678 pro
449 4605 527 4662 nobis
547 4606 712 4661 iuuuolatunt
737 4605 889 4661 audirimus
909 4623 914 4658 :
937 4605 1008 4661 uude

211 4698 357 4753 admodum
376 4698 496 4770 gaudere
510 4703 538 4752 ιι
560 4697 661 4752 tristari
684 4711 850 4767 possutttus:
870 4696 1008 4767 gaudere,

211 4793 274 4864 quia
288 4791 350 4848 felix
366 4791 445 4862 culpa
459 4806 519 4862 quc
531 4790 612 4845 talem
624 4804 655 4846 ac
670 4797 774 4845 tantum
788 4790 882 4846 habuit
893 4789 1010 4847 Redem-

210 4895 336 4959 ptorcm:
353 4884 454 4940 tristari
469 4881 649 4954 quianullum
665 4882 789 4939 ridemus
804 4891 885 4940 tantae
906 4885 1011 4956 passio-

209 4952 438 5035 nisimitatorem.
456 4974 515 5046 lpse
534 4989 649 5045 namque
667 4975 846 5045 corporaliter
858 4984 981 5032 mortuus
999 5016 1007 5043 ,

209 5088 265 5130 non
278 5073 366 5130 solum
377 5071 411 5127 de
425 5070 548 5140 corporis
564 5068 650 5125 nostri
662 5078 760 5135 morte,
774 5071 797 5125 si
813 5085 925 5126 necesse
939 5079 982 5126 est
999 5112 1006 5137 ,

208 5166 258 5224 sed
272 5165 382 5222 devite
397 5159 587 5220 emendatione
600 5171 625 5217 ιι
642 5163 754 5232 spiritus
768 5161 954 5217 littntiliationc
964 5176 1008 5217 sa-

208 5262 339 5321 crillcium
355 5259 478 5332 requirit.
494 5256 607 5313 Scilicet
627 5265 657 5311 ut
670 5256 782 5328 spiritns
797 5265 889 5313 noster
904 5270 936 5312 ex
951 5263 1005 5310 tam

208 5369 307 5426 magua
318 5361 347 5410 et
365 5350 495 5409 inellabili
518 5351 558 5405 sui
583 5347 731 5405 conditoris
752 5346 902 5405 hirmilitate
924 5348 1007 5404 admi·

207 5463 272 5505 rans
295 5451 512 5512 contremescat,
528 5451 556 5500 et
576 5441 665 5498 caruis
689 5439 830 5496 illecebras
847 5455 1003 5511 superaus,

1062 4602 1155 4673 quenti
1169 4619 1256 4673 anno,
1271 4604 1319 4660 sed
1337 4605 1362 4660 itt
1380 4604 1433 4661 litte
1450 4608 1542 4663 saeculi
1569 4618 1714 4677 tenturus,
1730 4622 1760 4668 ut
1774 4614 1865 4672 hetto·
1921 4624 1930 4642 ⁶

1063 4711 1123 4750 rum
1138 4696 1314 4752 etmalorum
1332 4699 1428 4755 merita
1442 4711 1518 4756 recto
1531 4703 1658 4760 examine
1676 4703 1823 4775 discutiat,
1838 4719 1867 4767 ct

1062 4787 1141 4844 bouis
1164 4791 1291 4861 praetuta,
1317 4792 1395 4848 malis
1408 4795 1540 4865 supplicia
1561 4796 1667 4853 reddat.
1684 4798 1754 4868 Quid
1775 4803 1804 4858 itt
1820 4804 1866 4860 illa

1062 4880 1107 4936 die
1130 4883 1216 4937 acturi
1241 4898 1351 4951 sumus,
1375 4884 1487 4953 tratres,
1514 4887 1541 4943 iu
1565 4905 1617 4960 qua
1639 4907 1694 4947 nou
1716 4893 1808 4950 solum
1830 4896 1866 4952 de

1061 4972 1189 5044 operibus
1209 4974 1306 5043 malis,
1323 4977 1370 5031 sed
1392 4979 1504 5050 insuper
1527 4981 1609 5038 etiam
1629 4982 1663 5039 de
1676 4985 1773 5043 otiosis
1789 4987 1866 5045 locu-

1063 5067 1181 5123 tionibus
1195 5069 1327 5125 ratiuuem
1342 5071 1473 5128 reddituri
1488 5079 1600 5132 sumus?
1614 5077 1684 5135 Etsi
1699 5094 1796 5138 onmes
1812 5083 1864 5139 lin·

1060 5176 1120 5233 gum
1144 5163 1253 5233 culpas,
1288 5179 1350 5235 quae
1373 5182 1387 5221 a
1411 5167 1490 5224 uubis
1519 5168 1678 5240 pronihilo
1704 5173 1860 5246 ducuntur,

1060 5255 1235 5322 senserimus
1251 5256 1315 5326 quid
1330 5259 1365 5315 de
1379 5262 1484 5317 caeteris
1500 5264 1629 5320 memhris
1643 5265 1793 5325 timendum
1807 5280 1859 5338 est,

1060 5348 1186 5405 manibus
1201 5351 1306 5407 scilicet
1324 5360 1352 5409 ct
1373 5354 1486 5425 pedibus
1503 5356 1632 5430 aliisque,
1648 5374 1709 5431 (ιιι
1739 5360 1800 5420 siue
1813 5363 1862 5420 du·-

1060 5442 1103 5498 bio
1123 5444 1205 5499 multa
1231 5445 1324 5502 illicita
1346 5447 1444 5505 secisse
1466 5454 1674 5522 cognoscimus?
1693 5452 1761 5512 llam
1783 5459 1808 5512 si
1827 5472 1861 5515 ex

207 5554 268 5597 eum
293 5540 353 5610 ipso
371 5552 452 5610 passo
479 5534 622 5608 quamdam
649 5533 867 5605 compassionem
893 5533 1002 5592 habeat.
1057 5537 1300 5613 omnibusculpis,
1325 5558 1386 5616 quaa
1408 5541 1541 5614 lecimus,
1558 5561 1653 5619 peenas
1678 5546 1858 5621 solverimus,

244 5696 439 5755 apggqqgmqup
463 5695 616 5769 aliquidne
638 5693 771 5757 sermonis
790 5691 959 5762 clausulam3
977 5702 1006 5752 et
1019 5702 1095 5754 certe
1119 5698 1273 5770 exemplum
1286 5698 1387 5757 Christi
1399 5701 1505 5760 llomini
1529 5719 1562 5760 ιι
1583 5705 1680 5767 diebus
1697 5710 1857 5784 ieiunantis.
