3900 6134
122 212 179 269 sss
774 206 890 265 onnus
908 204 1128 264 armarent.
1684 206 1687 213 ’
1719 187 1774 268 iao

120 339 191 398 ago,
217 323 290 394 qnod
316 331 452 381 tantorum
473 322 586 380 tranum
610 322 717 378 rnrerni¹
732 321 923 379 benedictione
935 320 1097 405 Adamnari
1120 326 1227 392 potest:
1255 333 1343 392 troque
1365 319 1418 377 nlla
1432 335 1560 395 nmquam
1581 324 1696 382 concilia
1718 337 1776 385 rata

120 419 192 486 [nnn
208 417 309 477 deinde
322 416 395 490 qnod
409 416 480 475 eirca
492 417 591 474 iratres
603 415 735 473 sollicitos
749 430 799 472 ros
815 416 922 486 reperi,
974 412 1111 485 leguntur,
1134 428 1194 484 quae
1210 426 1263 469 non
1283 423 1347 469 sunt
1359 414 1425 469 inita
1439 415 1587 486 apostolica
1600 421 1774 478 auctoritate.

121 522 148 570 er
160 527 223 569 enni
240 513 280 570 eis
291 527 399 571 eroeem
415 511 523 567 Domini
538 510 658 577 deierre,
670 509 716 582 qui
727 510 765 565 ait
782 527 788 564 :
804 510 858 578 Qai
870 509 924 566 nult
1009 505 1053 562 ttt.
1071 509 1250 563 Accusatores
1273 517 1364 565 autem
1391 494 1599 582 episcoporum,
1621 521 1648 569 et
1672 522 1772 584 restes,

120 606 208 664 penite
218 618 276 679 pon
288 620 344 673 me,
356 605 463 679 abneget
473 606 657 677 semetipsum,
684 613 707 659 et
727 603 801 658 tollat
822 618 924 658 erarem
974 613 1056 670 super
1075 599 1173 671 gruibus
1193 600 1352 670 rogitastis,
1370 600 1471 672 absque
1483 603 1536 659 ulla
1557 603 1668 660 iufamia
1686 608 1706 675 ⁸,
1728 618 1775 665 aut

122 715 215 766 mm,
238 709 262 754 et
277 708 399 771 aepaotar
420 713 478 764 nte,
495 696 642 767 etreliqua
666 694 699 751 ari
725 694 798 751 bunc
812 693 923 751 modom
974 691 1199 762 suspicionem}
1216 694 1358 748 nraniiesta
1370 693 1489 762 macula,
1505 704 1533 751 et
1549 712 1620 754 rerae
1634 697 1698 755 iidei
1715 699 1773 767 ple-

122 790 297 865 pefnnennin.
312 790 414 864 igitur,
435 790 562 862 qnoniam
578 789 605 844 in
621 787 749 858 prasenti
769 796 925 859 opportune
975 785 1046 840 niter
1060 784 1185 839 instructi
1199 800 1261 840 esse
1273 784 1384 852 debent,
1398 795 1426 841 et
1437 787 1516 853 tales,
1530 790 1623 857 nuales
1635 791 1669 846 ad
1684 807 1776 850 sacer·
1806 830 1811 840 ·

122 895 260 958 pennum
275 883 476 940 errnsultatione
493 880 652 952 agrostolicis
669 887 762 936 vestra
785 877 925 934 beatitudo
975 875 1079 931 tiotinrn
1093 877 1195 947 eligere
1208 876 1286 944 jubet
1298 876 1388 934 divina
1403 879 1572 936 auctoritas:
1589 883 1718 953 quioniam
1731 901 1774 943 sa·

122 976 293 1034 visceribus’
307 983 465 1041 commota,
488 989 538 1030 nos
560 972 667 1029 bortatn
692 981 756 1038 est,
782 971 925 1027 tuitionem
975 968 1100 1025 cerdotes
1114 971 1156 1042 (ιιι
1169 970 1278 1041 antiqua
1295 971 1376 1026 trudit
1392 973 1551 1044 arroteritae)
1566 976 1706 1033 criminari
1721 995 1777 1037 non

123 1070 237 1127 lratrnnr
253 1069 403 1141 apostolica
417 1067 574 1138 impendere
585 1065 760 1131 auctoritato,
779 1072 807 1119 et
828 1078 923 1119 eorum
977 1071 1105 1132 possunt,
1121 1076 1172 1119 nec
1192 1063 1219 1118 in
1234 1078 1282 1120 eos
1296 1065 1455 1134 testificari,
1472 1067 1519 1138 qui
1531 1067 1564 1123 arl
1580 1070 1705 1127 eumdem
1721 1089 1775 1131 nou

123 1163 232 1235 injuriis
260 1154 423 1227 subuenire,
447 1158 511 1216 dum
537 1167 664 1226 constet,
690 1158 786 1214 eadem
802 1171 850 1213 vos
862 1171 924 1212 cum
976 1153 1088 1221 debent,
1101 1170 1150 1211 nec
1163 1166 1278 1225 possunt
1294 1158 1405 1228 provebi
1420 1158 1563 1218 bonorem.

123 1258 258 1331 apostolo
272 1255 502 1330 compassibiliter
516 1253 607 1311 dicere
625 1271 631 1307 :
648 1250 889 1321 Qnieirrfirmntnr,
901 1258 925 1304 et
1011 1245 1055 1304 ill.
1072 1246 1187 1304 llocatio
1207 1249 1280 1306 enim
1312 1249 1371 1305 adl
1391 1253 1525 1322 synodum
1551 1254 1644 1328 (juxta
1668 1257 1778 1316 decreta

123 1369 170 1427 eqo
186 1369 237 1408 non
248 1349 452 1422 infirmoriqnia
467 1347 673 1413 scandalizatur,
686 1355 710 1400 et
720 1361 767 1418 epo
781 1360 831 1401 non
845 1344 926 1400 uror?
976 1337 1101 1409 Patruini
1115 1343 1244 1397 canonica
1258 1342 1333 1413 ejus,
1348 1344 1393 1416 qui
1412 1345 1562 1419 impetitur,
1579 1360 1632 1403 tarn
1647 1365 1696 1407 sua
1709 1368 1778 1422 prra-

123 1455 291 1519 satagentes,
307 1461 341 1502 ne
352 1444 453 1516 aliquis
465 1442 499 1498 de
511 1441 565 1508 iris,
579 1441 625 1514 qni
640 1439 718 1496 robis
731 1437 828 1495 crediti
844 1444 925 1500 sunt,
976 1433 1074 1499 sentia,
1089 1448 1182 1503 qnam,
1194 1442 1222 1488 et
1232 1437 1340 1506 scrrptis
1352 1447 1433 1508 atque
1446 1441 1630 1510 apocrisariis,
1646 1459 1695 1514 per
1709 1460 1776 1517 spa·

123 1542 234 1600 aseris
257 1539 354 1596 bestiis
376 1539 512 1594 laceretur
525 1542 572 1591 aut
585 1534 710 1605 capiatur
724 1550 731 1587 ι
744 1548 793 1603 pro
806 1547 859 1603 qua
872 1530 927 1589 re'
977 1522 1044 1579 tium
1064 1522 1122 1580 stell
1137 1524 1219 1582 debet
1240 1540 1391 1599 ⁰⁰¹¹bll¹¹¹lll
1412 1540 1494 1602 atque
1513 1535 1692 1591 ⁰³¹¹⁰¹¹l⁰¹¹ffl²
1715 1537 1779 1610 (1⁰5²

123 1643 245 1707 oporiet,
259 1632 336 1703 juxta
357 1640 475 1688 nestram
488 1630 648 1700 prurientem
664 1626 925 1700 commonitionem,
977 1617 1029 1674 nisi
1040 1619 1172 1675 canorrice
1187 1630 1302 1677 uocatus
1315 1621 1398 1679 luerit
1417 1640 1467 1680 suo
1482 1634 1625 1698 tempore,
1651 1643 1679 1687 et
1696 1646 1779 1689 cano·

124 1727 214 1799 magis
228 1734 319 1782 wem
334 1722 484 1781 secundum
509 1721 615 1777 Domini
630 1720 750 1777 divinam
765 1719 926 1791 pmepggp.
941 1747 964 1809 B
978 1709 1039 1765 nica
1055 1710 1245 1780 ordinatione,
1266 1714 1332 1771 licet
1346 1718 1452 1774 venerit
1465 1718 1500 1775 ad
1514 1732 1695 1795 conventum,
1710 1743 1779 1798 qua-

124 1836 200 1886 nem'
218 1832 285 1883 nm,
300 1817 348 1888 qui
362 1826 444 1887 ,upra
463 1814 573 1869 domum
596 1811 672 1883 ejus,
687 1811 740 1868 boc
755 1820 797 1868 ρει
818 1812 928 1868 univer.
979 1818 1096 1876 cumque
1111 1808 1285 1875 necessitate,
1301 1810 1354 1867 nisi
1368 1823 1466 1881 sponte
1479 1816 1606 1885 uoluerit,
1624 1818 1779 1879 nullatenus

123 1913 212 1972 salem
226 1910 377 1968 Ecclesiam
396 1906 571 1973 catholicam,
583 1904 738 1976 episcopale
758 1903 929 1975 suscepimus
979 1898 1036 1954 sois
1050 1899 1226 1970 respondebit
1243 1901 1449 1962 insidiatoribus
1466 1910 1595 1981 qnoniam
1616 1927 1668 1969 nec
1681 1915 1776 1972 saculi

125 2006 329 2073 ministerium,
353 2002 471 2059 sollicite
494 1999 626 2071 vigilare,
651 2013 686 2055 ue
704 1998 739 2055 de
762 1999 848 2053 sacris
868 1995 930 2068 eius
979 1990 1116 2063 legesboc
1130 1993 1289 2065 permittunt
1305 1997 1377 2066 lieri,
1391 2006 1592 2077 quantomagis
1606 2006 1717 2065 divina.

124 2097 297 2166 muneribus,
314 2095 341 2152 id
356 2104 409 2165 est,
422 2091 581 2165 apostolicis
594 2089 672 2154 viris,
688 2090 929 2160 apostolorumque
1015 2084 1048 2141 ll.
1065 2085 1103 2142 lle
1115 2087 1211 2159 eiectis
1235 2105 1303 2147 vero
1315 2093 1326 2124 ⁸
1339 2101 1420 2164 atoue
1434 2097 1491 2152 suis
1504 2098 1589 2155 rebus
1606 2103 1775 2175 exspoliatis,

126 2187 593 2261 suecessoribus,atttueministris,
607 2183 852 2259 qnisquam,oobis
865 2182 930 2239 dor·
980 2177 1049 2235 nibil
1073 2179 1149 2238 vobis
1170 2182 1265 2240 verius
1287 2184 1443 2257 significare
1464 2205 1559 2260 queo,
1586 2209 1667 2264 gnam
1692 2196 1779 2252 sancti
1865 2174 1868 2181 ⁴

126 2283 302 2350 mirantibus,
316 2282 407 2339 valeat
421 2280 566 2354 supprimi,
579 2289 660 2352 atque
673 2275 782 2350 injuste,
797 2275 931 2347 nobisque
980 2269 1074 2327 Patres
1097 2271 1271 2342 definierunt,
1293 2285 1323 2334 et
1341 2280 1426 2335 nostri
1441 2282 1657 2352 praedecessores
1672 2298 1782 2359 aposto·

126 2378 304 2446 immunis,
319 2377 454 2434 damnari·
981 2364 1032 2422 lica
1047 2367 1209 2425 anctoritate
1223 2369 1432 2430 roboraverunt.
1454 2376 1492 2433 lta
1507 2370 1579 2434 enirn
1600 2380 1659 2438 baec
1680 2398 1710 2439 se
1733 2384 1782 2442 lra-

164 2470 186 2527 ι.
206 2469 299 2538 scurra,
316 2469 414 2526 narres
426 2452 590 2533 errarrssrn‘r,
606 2466 809 2523 ornamentum
823 2463 860 2520 ‘a
875 2463 931 2520 neo
982 2457 1059 2514 lent:
1071 2460 1215 2533 episcopos
1227 2462 1331 2534 eiectos
1349 2475 1430 2537 arnon
1441 2468 1499 2525 nnn
1511 2471 1781 2545 reornexnnmrn,

127 2566 216 2624 lixum
229 2574 256 2623 et
271 2564 423 2632 immobile,
438 2573 520 2636 atque
535 2562 643 2619 titolum
657 2559 855 2618 lucidissimum
867 2573 931 2616 sno
982 2551 1118 2610 Ecclesiae
1133 2556 1256 2627 proprias
1273 2558 1362 2628 primo
1374 2560 1513 2632 recipere,
1529 2574 1557 2619 et
1569 2579 1618 2621 sna
1633 2566 1674 2623 eis
1691 2571 1783 2627 omnia

127 2674 190 2716 rum
205 2660 390 2724 sacerdotum,
405 2654 432 2713 id
445 2664 504 2723 est,
516 2655 638 2713 omnium
651 2654 853 2726 episcoporum,
866 2665 933 2722 apo-
981 2645 1106 2718 legaliter
1120 2648 1205 2716 reddi,
1222 2651 1308 2708 sancti
1321 2667 1441 2710 canones
1453 2655 1653 2716 decreverunt:
1669 2672 1696 2720 et
1710 2676 1785 2736 post·

128 2752 256 2811 stelicam
271 2751 364 2808 sedem
377 2765 439 2807 esse
450 2749 638 2816 constitutam,
653 2758 681 2804 et
695 2746 823 2803 verticem
838 2743 932 2801 Eccle-
982 2752 1014 2794 02
1033 2738 1058 2795 δί
1076 2739 1137 2811 (Ιΰῑ8
1151 2755 1199 2797 ⁸⁰⁸
1213 2757 1343 2801 millii
1361 2748 1497 2815 Vllum·
1514 2766 1593 2822 aeli¹¹⁰
1607 2755 1729 2825 Ρθῐῑθῦῑῡ
1742 2759 1784 2815 fa·

130 2846 247 2904 siarum.
264 2842 426 2900 Tessenios
442 2841 531 2916 (sient
544 2841 666 2898 divinum
685 2838 842 2911 pronuntiat
863 2835 933 2894 Ver·
983 2845 1046 2887 cere
1061 2833 1247 2923 sanciverunt,
1259 2836 1366 2906 jndices
1378 2854 1440 2896 esse
1451 2840 1631 2903 decernentes
1643 2850 1785 2924 episcopo·

128 2938 196 2996 burn
210 2935 363 3006 veraciter)
389 2935 498 3003 Petrus,
512 2943 537 2989 et
555 2949 632 3006 snper
649 2933 844 3004 prmanrentam
859 2939 932 2985 tuum
983 2940 1061 2992 rum,
1076 2927 1218 2997 episcopos
1232 2939 1306 2987 recte
1320 2932 1458 3002 sapientes
1472 2947 1499 2991 et
1511 2936 1586 3007 juste
1598 2941 1735 3009 nolentes,
1749 2944 1783 3002 ad

130 3029 258 3088 Ecclesiae
278 3030 426 3096 eoluarnoe,
441 3027 488 3101 qui
502 3026 625 3100 episcopi
642 3025 847 3097 intelliguntur,
870 3038 933 3078 eorr-
951 3088 954 3095 Ι
984 3026 1090 3090 tempus
1100 3019 1201 3093 dinque
1214 3021 1286 3091 illis,
1300 3029 1448 3098 resumptis
1461 3029 1581 3103 viribus,
1597 3042 1626 3090 et
1638 3037 1698 3093 sois·
1709 3049 1785 3110 poto·

129 3122 244 3192 firmatae
258 3131 318 3177 sunt
330 3136 340 3175 .·
353 3131 377 3176 et
399 3120 445 3176 liii
465 3119 549 3175 clares
562 3119 635 3192 regni
654 3119 776 3174 coelornm
795 3115 913 3171 conrrnisi
921 3153 931 3183 ,
944 3135 968 3199 C
983 3111 1080 3167 statire
1095 3111 1245 3170 fruentibus
1261 3115 1341 3175 rebus
1353 3133 1361 3182 ;
1375 3122 1522 3194 anricisque
1539 3133 1567 3182 et
1582 3126 1629 3183 liei
1642 3132 1729 3187 sertis
1744 3148 1786 3189 aa·

128 3223 208 3282 unq„
227 3212 310 3288 ἥρωι
323 3221 349 3267 ee
360 3211 458 3267 antone
472 3219 626 3282 potestatem
640 3225 698 3281 pure
720 3209 747 3263 in
761 3209 832 3263 coelis
851 3216 931 3273 sant,
984 3202 1121 3272 pientibns
1134 3206 1342 3266 corisuleutibus
1352 3210 1427 3277 riris,
1440 3213 1466 3268 in
1483 3214 1604 3272 Ecclesia
1617 3224 1785 3280 conrenien·

129 3318 156 3364 ιι
170 3323 229 3381 pure
241 3307 268 3363 in
283 3307 378 3375 terris,
400 3303 574 3379 promnlpnai.
598 3302 640 3359 'in
658 3301 832 3374 protanornnr
846 3298 934 3354 lromi·
985 3303 1036 3361 tes,
1053 3296 1098 3354 ubi
1115 3307 1198 3355 testes
1215 3310 1307 3357 essent
1321 3302 1509 3375 singulorum,
1527 3309 1573 3379 qui
1588 3315 1711 3384 oppressi
1724 3331 1786 3374 csse

130 3416 209 3466 nutu.
222 3406 250 3455 et
264 3398 449 3455 membrorum
465 3411 608 3460 meorum,
623 3395 795 3464 rrmximeque
813 3391 934 3461 discipu·
983 3386 1121 3444 ridentur.
1138 3390 1170 3446 Et
1183 3391 1298 3464 reliqna,
1312 3394 1345 3449 ad
1361 3396 1433 3453 bnne
1444 3401 1455 3434 ⁸
1468 3400 1590 3458 ordinem
1604 3407 1784 3477 pertinentia:

129 3493 220 3550 iorum
236 3507 360 3548 meorum
370 3491 467 3548 existis
489 3499 519 3546 ut
536 3491 663 3562 princeps
685 3497 713 3545 et
725 3487 821 3544 doctor
840 3485 935 3542 ortbo-
985 3497 1045 3553 qne
1062 3483 1243 3554 prolixitatem
1258 3488 1387 3558 vitantes,
1404 3492 1448 3550 bic
1462 3511 1516 3552 non
1529 3497 1705 3568 inseruimus,
1722 3507 1784 3576 noia

129 3585 213 3643 doxa
225 3594 254 3643 et
267 3585 450 3642 immaculata
472 3582 556 3650 idei,
579 3583 658 3654 coins
672 3582 731 3638 nice
752 3580 834 3638 bodie
847 3577 935 3652 gratia
986 3574 1045 3631 brec
1067 3575 1193 3635 solticere
1213 3579 1362 3640 eredimus.
1388 3584 1499 3660 Siquis
1512 3603 1603 3649 antem
1618 3596 1661 3651 bis
1678 3608 1790 3657 nonest

130 3679 193 3745 Μ,
208 3678 345 3751 impone
358 3692 409 3751 ppo
421 3677 532 3734 cinisio
544 3678 692 3749 fungimur,
706 3685 733 3732 et
745 3691 842 3733 omnes
855 3674 936 3744 bnjus
985 3679 1145 3740 contentus,
1163 3674 1235 3745 legat
1249 3690 1299 3740 ea,
1313 3685 1341 3732 et
1353 3679 1506 3738 satiabitur.
1526 3685 1635 3744 Scimus
1648 3691 1721 3747 enirn
1734 3690 1783 3750 iro·

130 3782 237 3830 sannae
259 3772 333 3830 sedis
356 3770 489 3846 praesules
519 3772 578 3842 ejus
601 3772 686 3827 ricem
700 3777 861 3843 gesserunt,
892 3779 937 3840 ge·
987 3767 1074 3823 mines
1087 3767 1206 3827 inermes
1218 3787 1272 3827 nen
1285 3788 1365 3844 posse
1376 3792 1438 3832 curn
1452 3782 1564 3838 armatis
1579 3784 1631 3839 rite
1643 3801 1784 3857 pugnare:

131 3875 215 3934 rorat,
226 3874 254 3922 et
264 3875 370 3938 gerent.
390 3864 452 3922 lrleo
467 3865 577 3931 omnia,
602 3879 664 3937 que
678 3862 853 3929 innotuistis,
880 3875 936 3918 non
986 3856 1027 3913 sic
1040 3874 1090 3915 nee
1106 3859 1156 3927 illi,
1170 3863 1216 3935 gui
1232 3864 1313 3936 ejecti
1325 3867 1367 3924 rel
1382 3870 1439 3926 suis
1453 3872 1533 3929 bonis
1545 3886 1609 3932 sunt
1622 3880 1781 3950 exspmliari,
1796 3888 1800 3895 '

131 3962 219 4020 uem
233 3960 406 4026 mandarem,
431 3958 484 4016 nisi
505 3974 553 4017 ros
577 3970 631 4015 tam
650 3959 766 4032 pleniter
789 3958 937 4013 instructos
986 3965 1049 4008 cum
1065 3952 1136 4023 illis,
1153 3957 1198 4028 qni
1220 3957 1247 4014 in
1267 3975 1317 4015 suo
1338 3971 1411 4018 stant
1425 3966 1527 4038 gradu,
1543 3979 1571 4026 et
1585 3971 1644 4028 suis
1657 3971 1785 4035 lruuutur

133 4069 198 4113 esse
210 4054 325 4124 scirem,
338 4053 410 4126 qnod
434 4063 541 4120 cuncta,
562 4067 645 4124 super
659 4051 758 4124 quibus
772 4047 935 4117 consulitis,
987 4046 1081 4103 amieis
1094 4058 1175 4121 atque
1190 4050 1282 4127 bonis,
1296 4055 1403 4127 litigare
1418 4058 1470 4117 rite
1488 4074 1610 4132 possunt.
1625 4065 1681 4125 Nec
1693 4070 1786 4127 saecum

132 4147 230 4205 illicita
243 4162 305 4203 esse
320 4162 374 4203 non
385 4144 527 4203 dubitetis.
987 4153 1095 4212 guoque
1110 4141 1184 4216 leges
1199 4144 1258 4203 baec
1272 4149 1451 4209 saecularibus
1464 4155 1524 4211 ileri
1545 4160 1724 4230 permittunt:
1739 4165 1787 4222 sed

172 4239 205 4295 ῃ,
223 4241 364 4297 biseutere
379 4255 495 4312 „amque
511 4239 654 4310 episcopos
670 4237 696 4305 ¹¹,
711 4244 739 4292 et
758 4247 879 4292 summas
891 4248 937 4292 ee·
987 4232 1063 4302 prius
1077 4235 1178 4306 ejectos
1191 4238 1232 4294 vel
1248 4251 1463 4312 oppresserant
1472 4249 1641 4318 exspoliatos
1654 4268 1716 4309 curu
1727 4256 1787 4313 suis

134 4331 353 4390 ciesiasticorom
383 4331 553 4404 negotiorum
581 4343 678 4386 causas
703 4326 937 4398 metropolitano,
988 4324 1114 4382 eurnibns
1127 4328 1233 4385 restitui
1245 4331 1352 4400 iubent,
1365 4342 1392 4390 et
1406 4345 1500 4406 postea
1510 4353 1561 4394 sno
1575 4347 1789 4412 temporariam

79 4462 82 4471 -
136 4439 193 4481 una
203 4439 266 4481 cum
277 4425 402 4481 ornnibns
417 4423 476 4480 suis
490 4421 776 4495 comprovincialibus,
792 4419 828 4475 ita
847 4426 877 4473 ut
891 4432 938 4474 ne·
989 4415 1141 4475 leucorum
1154 4421 1334 4490 eontinet,ad
1350 4426 1789 4505 placitareuirepraecipinntnec
1826 4480 1830 4488 -

135 4530 184 4573 mo
197 4532 230 4572 es
247 4515 280 4571 iis
291 4515 380 4581 desit,
395 4524 423 4572 et
436 4530 533 4571 omnes
547 4515 574 4570 in
590 4514 759 4587 singulorum
772 4509 938 4568 concordent
950 4528 978 4590 D
990 4511 1044 4568 ulla
1056 4514 1175 4570 carceris
1185 4515 1308 4572 custodia
1319 4519 1501 4589 appellantem
1515 4525 1601 4581 arceri
1617 4527 1786 4596 permittunt.

136 4609 254 4682 „egnum
266 4652 275 4677 ‚
288 4609 370 4666 lieet:
385 4609 433 4667 serl
448 4607 563 4666 delinire
575 4624 691 4676 eorum,
712 4616 793 4679 atque
806 4603 937 4663 ecclesia·
989 4604 1094 4663 Doceat
1103 4606 1175 4664 enim
1187 4624 1221 4666 ex
1234 4620 1311 4683 parte
1321 4612 1405 4686 (sicut
1416 4614 1514 4687 nostis)
1525 4625 1644 4690 terrene,
1655 4637 1716 4696 quse
1726 4633 1791 4683 aunt

136 4705 267 4762 sticarum
284 4720 404 4762 summas
424 4704 550 4777 querelas
568 4718 733 4772 cansarum,
749 4702 792 4759 vel
807 4699 938 4756 d¹m¹t²f⁶
989 4699 1122 4757 milani·

136 4799 292 4872 episcopos,
316 4798 419 4870 absque
444 4799 524 4870 trutns
546 4807 648 4855 sanctae
668 4795 742 4854 sedis
762 4794 936 4861 anctoritate,
1026 4793 1070 4850 vl.
1091 4795 1273 4855 Accusatores
1285 4814 1350 4857 vero
1362 4809 1389 4857 et
1402 4803 1601 4875 accusationes,
1615 4815 1790 4879 qrrassaecull

137 4894 252 4951 manime
272 4893 356 4960 pce„
380 4908 461 4965 qnam
483 4907 579 4950 omnes
600 4892 752 4964 appellare,
778 4891 800 4947 si
825 4901 939 4945 necesse
991 4885 1065 4959 leges
1086 4903 1141 4944 non
1154 4889 1320 4959 adsciscunt,
1342 4896 1497 4953 nullatenus
1511 4910 1574 4956 sunt
1588 4901 1616 4958 in
1629 4902 1727 4962 borum
1740 4908 1790 4965 ad·

137 4986 231 5047 ruent,
245 4993 275 5041 et
288 4986 348 5056 ejus
360 4982 767 5056 inlcirianailiooportet.iiam
782 4983 824 5055 (nt
838 4976 936 5052 nostis)
992 4981 1130 5038 mittendae
1151 4982 1250 5054 causis,
1275 4987 1338 5054 onia
1358 5005 1438 5047 ornne
1460 4992 1532 5063 quod
1551 4994 1790 5065 irreprehensibile

137 5064 274 5154 synodum
288 5078 349 5136 sine
365 5079 426 5150 eius
440 5080 603 5136 auctoritate
619 5078 676 5137 deri
691 5118 699 5146 ,
721 5093 774 5134 non
790 5088 832 5132 est
843 5073 937 5132 carbo·
989 5080 1042 5139 est,
1055 5075 1190 5133 catlrolica
1202 5077 1224 5109 ¹⁰
1232 5077 1355 5136 defendit
1367 5081 1498 5142 Ecclesia.
1513 5087 1631 5147 Erlroca
1643 5094 1791 5164 majoribus

138 5171 241 5228 licum:
255 5170 469 5243 necepiscopns,
484 5169 537 5227 nisi
549 5170 574 5225 in
589 5169 708 5242 legitima
722 5167 838 5241 synodo,
850 5177 940 5225 etsoo
990 5167 1131 5225 delinitum
1146 5185 1207 5228 esse
1222 5186 1333 5244 propter
1349 5192 1493 5248 prarnrnm
1509 5181 1647 5237 ltonrinnnr
1663 5185 1788 5258 insidias,

139 5275 266 5338 tenpore
287 5263 438 5335 apostolica
460 5265 604 5321 vocatione
625 5273 807 5335 congregata,
828 5262 939 5319 definite
991 5276 1045 5320 non
1064 5263 1213 5322 dubitatur.
1237 5267 1321 5326 liecet
1341 5272 1413 5328 enim
1436 5272 1543 5330 bomini
1563 5276 1720 5336 sacerdotes
1735 5280 1790 5341 lra-

180 5389 189 5420 ¹
208 5387 314 5446 auriens
325 5388 410 5461 episc.
426 5388 458 5445 G.
476 5388 506 5444 P.
521 5389 602 5460 epist.
615 5386 650 5444 ad
662 5385 715 5444 ΡΡ.
727 5385 812 5443 Corte.
825 5384 942 5443 Cartba-
1031 5387 1042 5419 ⁸
1061 5404 1096 5449 ιι.
1115 5405 1162 5460 qn.
1178 5390 1206 5455 i,
1223 5388 1371 5446 reiterato
1433 5395 1497 5450 nlla.

139 5460 273 5535 ginerrsis.
1032 5459 1112 5524 ²51,
1128 5475 1224 5531 rr,qu.
1240 5461 1267 5525 i,
1285 5460 1365 5517 Sacer
1384 5469 1606 5539 elementique.

178 5533 189 5564 ¹
208 5531 281 5588 beas
292 5529 365 5589 detiit
377 5529 488 5588 erratis
502 5531 587 5603 episc.
601 5530 719 5588 oonsnn.
736 5529 764 5586 2.
844 5600 849 5610 .
1031 5531 1042 5563 ⁸
1062 5530 1088 5594 i,
1105 5547 1133 5594 v,
1147 5547 1192 5602 qu.
1206 5529 1236 5598 2,
1254 5529 1362 5587 Venatio
1376 5535 1410 5588 ad
1424 5537 1562 5607 mnodum.

178 5602 190 5635 ⁸
208 5603 327 5669 iiasimo
339 5604 503 5674 Aquileiensi
516 5601 601 5672 episc.
614 5604 642 5659 in
654 5601 750 5659 eodem
774 5598 901 5657 concilio.
1030 5604 1041 5635 ⁹
1061 5602 1078 5658 5
1090 5601 1134 5660 nt.
1147 5602 1261 5657 niodum.

179 5673 190 5706 ⁶
208 5675 320 5747 Sergius
331 5676 415 5747 episc.
428 5675 509 5748 Cypri
522 5675 557 5730 ad
567 5673 743 5732 Tbeodornnn
750 5673 862 5744 Papam,
874 5668 941 5729 ibid.
1032 5673 1053 5707 ¹⁸
1072 5674 1174 5733 llieani
1187 5688 1267 5733 cone.
1278 5688 1340 5733 esu.
1354 5675 1381 5734 9.

179 5746 191 5779 ⁸
209 5745 239 5819 8,
253 5761 294 5817 ιιι,
308 5763 355 5822 gu.
368 5747 396 5814 6,
410 5745 544 5802 Discessere
555 5746 698 5821 episcopor.

363 5843 504 5909 Persou.
542 5839 646 5906 Xlll.
