3900 6134
166 196 212 253 ut
713 176 717 182 '
743 193 902 254 strumus
922 195 1082 253 tinntsus
1101 198 1203 257 rara.

1763 207 1815 265 tsi

162 303 277 370 consilio
289 313 436 370 obsecutus
449 322 501 376 est,
516 326 548 368 ac
560 311 690 367 Sabinum
704 310 847 367 diaconum
859 308 962 366 Medio·
975 312 1000 373 A
1013 311 1111 369 deiude
1132 314 1159 370 in
1182 313 1322 374 Orientem
1344 318 1378 374 ad
1400 319 1589 391 Athanasium,
1615 332 1642 380 et
1665 323 1816 380 Basiliam?

164 405 285 461 lanensis
299 405 440 468 Ecclesiae,
457 403 555 459 deinde
568 417 646 469 uero,
663 401 816 470 utridetnr,
831 401 965 458 Placenti-

160 517 228 557 num
244 499 400 570 episcopum
411 496 445 552 ad
454 497 606 552 Orientales
615 497 697 561 misit,
709 496 855 566 eiqueacta
865 495 964 552 babitae

163 611 254 652 coram
269 609 298 649 se
313 600 376 647 atate
391 591 527 646 biennium
542 590 650 662 Ι«γιιοιιι.
665 605 725 644 eum
743 589 839 644 litteris
855 597 918 643 tunc
929 588 963 643 ad

163 693 287 763 illyricos
302 689 410 758 scriptis
425 687 584 758 portorenda
603 686 687 742 dedit.
710 685 778 740 ilinc
791 701 822 740 ea
845 691 965 756 synodus

164 785 237 840 buuc
250 800 281 837 ιιι
297 782 438 837 llnlstenio
456 781 561 836 titulum
577 780 655 833 babet
673 795 680 834 ε
703 777 857 851 Exemplum
873 779 965 848 synodi

163 874 258 929 beliue
274 875 362 929 Oorrue
377 874 557 944 episcoporum
570 871 617 936 95,
632 889 663 926 ea
675 871 799 940 rescripto
815 871 965 941 imperiali:

166 968 310 1031 Ooutoaua,
338 966 512 1027 Valerianus,
533 965 697 1031 Vitalianus,
715 967 852 1032 Aufidius,
872 963 965 1017 Pucin-

166 1079 225 1124 ntut,
249 1061 351 1126 Victor,
366 1059 485 1124 Priscttt,
504 1057 690 1125 Innocentius,
707 1058 859 1122 dbrtrtdius,
881 1056 965 1110 Tiren-

164 1157 250 1220 dolua,
267 1166 290 1210 et
306 1157 406 1221 ceteri,
421 1157 464 1225 qui
478 1154 512 1218 ud
530 1154 686 1208 audiendum
704 1152 826 1208 dracontii
841 1167 964 1218 consent,

164 1251 390 1324 exponendamque
411 1249 488 1318 pidem
514 1249 540 1301 in
567 1246 636 1301 Urbe
663 1245 745 1299 Retron
768 1254 963 1310 contueareruut,

164 1344 291 1415 episeopis
304 1342 442 1395 Catholicis
459 1356 504 1409 per
516 1339 647 1394 Orientem
666 1338 813 1392 constitutis
833 1338 859 1389 in
875 1334 966 1389 Omni·

166 1454 199 1492 no
214 1439 335 1491 sulutem.
349 1438 387 1490 Ac
403 1437 428 1489 in
441 1435 493 1488 line
509 1424 567 1487 buc
578 1431 698 1487 clausula
715 1431 837 1502 opposita
849 1428 965 1498 legitur:

169 1530 226 1602 Epo
249 1530 362 1584 Sabinus
386 1528 510 1581 diaconus
527 1524 730 1579 Mediolanensit
750 1524 781 1578 dc
803 1523 965 1590 uutloetrtico,

165 1639 197 1680 en
219 1623 286 1677 actis
307 1623 410 1677 scilicet
431 1619 465 1675 ad
489 1618 591 1690 lllyrici
615 1618 758 1688 episcopos
781 1627 859 1672 autea
877 1615 967 1671 missis

1016 405 1071 476 Ego
1090 423 1155 463 uerti
1169 424 1222 464 non
1244 409 1322 466 laeile
1344 410 1512 480 admiserim,
1528 430 1590 472 eum
1604 417 1748 474 diaconum
1766 420 1818 477 iter

1015 513 1092 554 suum
1109 517 1156 569 per
1171 502 1308 573 illyricum
1323 506 1473 564 instituisse
1489 527 1496 565 :
1512 526 1574 566 nant
1589 514 1675 582 primo
1693 516 1817 573 terrestri

1016 590 1058 646 sia
1073 594 1215 662 euntibus,
1239 598 1274 654 ab
1286 597 1432 666 Arioniae
1448 605 1546 673 quibus
1565 622 1614 676 pru
1629 608 1726 677 majori
1742 621 1818 679 parte

1016 683 1146 743 Ecclesiae
1165 691 1378 760 occupabantur,
1402 697 1550 752 timendum
1566 710 1647 756 erat:
1672 703 1772 759 deinde
1795 706 1818 761 si

1017 779 1129 850 pontum
1143 797 1203 837 cum
1219 783 1354 841 Oorotbeo
1370 787 1419 841 iter
1437 788 1548 853 lecerat,
1566 806 1614 845 cur
1629 810 1682 847 tion
1698 805 1773 851 recta
1785 795 1820 850 ad

1017 872 1156 940 Basiliam,
1171 887 1198 930 et
1220 874 1385 946 cesaream,
1410 898 1470 948 tqnoe
1496 899 1580 952 pruna
1606 885 1692 958 longe
1707 889 1777 955 viae,
1793 898 1818 946 et

1017 965 1118 1020 laboris
1137 968 1213 1037 quies
1230 970 1328 1033 luerat,
1343 973 1390 1027 scd
1407 973 1440 1028 ad
1454 973 1646 1044 Atltauasinm,
1668 978 1780 1035 divertit
1792 990 1822 1037 et

1017 1060 1208 1115 Alexandriam
1224 1063 1302 1118 llice
1312 1065 1384 1119 aliud
1399 1067 1494 1121 suadet
1509 1067 1634 1134 Basilius,
1648 1085 1708 1125 cunr
1722 1087 1821 1142 :aceep-

1018 1161 1058 1206 tas
1079 1155 1113 1207 ab
1128 1153 1244 1226 illyricis
1258 1156 1385 1226 episcopis
1400 1157 1505 1212 litteras
1528 1170 1680 1215 rncnturat:
1696 1178 1756 1216 natu
1772 1163 1818 1233 qui

1018 1245 1057 1300 illi
1071 1246 1125 1300 siut
1138 1248 1211 1302 elate
1224 1249 1376 1319 colligimus
1395 1266 1428 1303 ex
1451 1249 1625 1321 subsequenti
1644 1253 1756 1323 epistola
1772 1256 1819 1322 Ol,

1018 1337 1045 1392 iu
1057 1354 1108 1399 «rua
1123 1340 1224 1395 tinentia
1240 1341 1359 1410 injicitur
1377 1341 1599 1397 uuiusllaletiani
1612 1345 1797 1415 Aquileiensis
1812 1385 1821 1409 ,

1018 1448 1098 1502 quern
1116 1432 1186 1485 idem
1212 1432 1328 1487 Basilius
1347 1433 1468 1488 locorum
1495 1437 1670 1503 unanimitate
1692 1437 1822 1506 deeeptus

1019 1522 1340 1597 Illyricorunrepiscopurn
1353 1537 1434 1581 uocat.
1445 1526 1518 1581 Fieri
1529 1528 1619 1597 itaque
1631 1526 1710 1585 lacilc
1722 1531 1819 1600 potuit,

1020 1623 1048 1669 nt
1070 1614 1186 1670 Sabinus
1203 1617 1289 1671 iturus
1309 1617 1336 1671 in
1357 1615 1495 1672 Orientem
1521 1633 1555 1672 ex
1574 1619 1680 1673 liatttasi
1696 1620 1824 1675 mandato

166 1727 311 1784 exceptum
326 1717 396 1771 dedi.
412 1714 542 1770 Sabinum
560 1714 631 1767 liutto
647 1711 856 1766 llediolanensis
870 1708 967 1765 Eccle·
983 1701 1171 1778 BAqnileiam
1185 1711 1334 1765 accesserit
1351 1708 1388 1764 'ad
1403 1709 1577 1764 Valerianum
1594 1710 1697 1780 ipsura,
1719 1711 1766 1783 qui
1780 1727 1825 1767 sc-

166 1813 214 1867 sim
229 1811 371 1865 diaconum
389 1806 458 1861 laute
475 1806 606 1859 Oamasus
615 1802 703 1878 probe
716 1803 853 1872 cognitum
869 1800 971 1856 babue-
1021 1802 1127 1856 euredus
1152 1801 1186 1855 ab
1214 1802 1310 1856 eodem
1337 1802 1452 1856 briniaso
1476 1801 1503 1855 in
1526 1802 1679 1872 synodicae,
1704 1820 1765 1873 quae
1789 1803 1824 1858 ad

166 1914 210 1963 rat
224 1902 368 1959 occasione
380 1901 476 1974 syrtodi
495 1908 588 1954 contra
603 1896 766 1952 Auxentium
780 1906 859 1951 antea
871 1909 971 1951 convu-
1021 1894 1174 1951 Orientales
1195 1895 1349 1963 terebatur,
1376 1897 1498 1967 epistolae
1523 1897 1648 1967 etentplo
1674 1897 1822 1967 inscriptus

167 2006 244 2052 cate.
267 1995 334 2050 ilitio
348 1992 422 2048 enim
436 1991 482 2047 ille
495 1989 614 2045 adinisse
630 1988 730 2057 potuit,
749 1989 789 2042 vel
803 2001 866 2041 cnm
884 1987 970 2040 lluse·
1021 1997 1089 2052 erat,
1107 2002 1138 2042 ae
1153 2004 1257 2059 magne
1273 1998 1403 2059 praterea
1426 1991 1452 2042 in
1473 1988 1619 2045 Occidente
1637 1989 1711 2045 urbis
1727 1990 1823 2045 Eccle-

168 2089 213 2142 bio
240 2084 429 2148 vercellensi,
454 2081 501 2152 qui
525 2080 738 2137 Catlmlicorurn'
760 2078 972 2134 mediolanensis

168 2181 299 2239 Ecclesiae
318 2193 412 2234 cairam
436 2175 539 2231 interea
556 2175 670 2243 spoliat,
694 2183 741 2226 aut
765 2188 826 2226 cum
843 2171 969 2238 Victore,

168 2291 247 2346 quom
260 2273 425 2329 Placentinae
441 2286 490 2340 per
506 2268 565 2323 bue
586 2277 708 2338 tempora
728 2264 887 2336 praefuisse,
900 2264 971 2334 apud

169 2367 466 2441 Ugltellinmlegimus.
569 2367 570 2371 ’

206 2461 235 2516 Si
252 2463 342 2531 itaque
363 2459 465 2514 lleletii
480 2470 589 2511 causam
611 2453 745 2524 excipias,
771 2451 806 2508 de
830 2465 881 2521 qua
905 2448 972 2504 nibil

169 2565 233 2610 tunc
248 2551 388 2608 delinitum
408 2558 532 2613 constat,
549 2546 648 2601 Basilio
663 2545 688 2599 iu
705 2543 811 2598 ceteris
826 2541 971 2596 Ortrrtasum

169 2645 371 2704 obsecundasse
383 2643 457 2699 uides
473 2661 479 2696 ι
496 2640 562 2696 Nam
576 2648 603 2695 et
620 2640 736 2708 legatum
752 2637 784 2692 ad
802 2637 970 2704 Orientales‚

168 2748 197 2798 et
209 2728 267 2796 acta
283 2740 382 2794 babilae
395 2752 410 2791 a
423 2752 454 2792 se
467 2734 564 2808 syttodi
580 2734 668 2801 misit,
689 2732 785 2802 quibus
800 2731 973 2786 Artintnense

170 2832 315 2888 cttticilium
327 2846 452 2886 eversum
465 2843 588 2898 prorsus,
603 2826 815 2896 obroqotmoque
825 2839 840 2879 a
852 2839 881 2880 se
891 2824 973 2880 lauisse

169 2935 296 2982 connotat-e
312 2934 413 2997 posset,
429 2933 509 2992 atque
524 2922 584 2976 brec
602 2932 731 2991 praeterea
746 2935 808 2974 cum
829 2919 970 2989 praestitit,

107 3022 114 3034 '
170 3034 265 3075 casua
286 3019 449 3072 auctoritate
466 3013 609 3085 praestitit,
629 3024 657 3067 ut
685 3011 756 3066 idem
781 3009 898 3065 Basilius
913 3007 972 3063 Ocri

1022 2080 1068 2135 siu
1097 2091 1221 2150 preerat,
1253 2089 1300 2135 aut
1327 2081 1445 2150 aliquam
1471 2082 1552 2136 aliam
1575 2082 1610 2136 ob
1641 2096 1773 2147 eausmn;
1797 2091 1824 2137 at

1024 2173 1086 2229 inde
1113 2190 1148 2229 ex
1176 2174 1268 2245 aliquo
1293 2174 1432 2229 Oalutatiae
1458 2185 1504 2227 aut
1528 2173 1613 2229 lstrise
1636 2186 1716 2244 portu
1744 2174 1824 2230 lacile

1023 2271 1104 2325 etiam
1124 2268 1230 2324 solvere
1251 2268 1442 2324 Alexandriam
1466 2267 1562 2337 pottdt,
1578 2283 1667 2337 noque
1685 2281 1753 2337 opus
1771 2277 1828 2335 est,

1023 2369 1053 2417 ut
1064 2363 1099 2418 ob
1112 2361 1182 2417 brine
1202 2376 1309 2417 euersam
1325 2363 1411 2430 prima
1425 2363 1475 2414 sub
1493 2361 1607 2414 Oatttaso
1623 2361 1761 2431 synodus,
1774 2375 1833 2415 cu-.

1021 2457 1066 2528 jus
1081 2459 1138 2513 bue
1150 2458 1266 2529 epistola
1280 2468 1415 2530 superest,
1426 2457 1460 2512 ab
1475 2448 1557 2521 antio,
1574 2455 1618 2509 cui
1632 2470 1692 2511 earu
1707 2453 1825 2526 illigati-

1025 2565 1096 2614 mus,
1113 2560 1295 2605 remisceatur.

1059 2641 1176 2698 Sabinus
1195 2643 1285 2713 itaque
1313 2656 1373 2696 cum
1397 2640 1532 2696 Oorotboo
1567 2639 1681 2695 diacono
1706 2640 1826 2694 Alexan·

1024 2734 1112 2790 driam
1128 2735 1241 2804 appulit,
1258 2734 1351 2805 primis
1374 2735 1455 2803 bnjns
1468 2734 1530 2787 anm
1558 2732 1697 2787 mensibus
1713 2731 1764 2801 (l),
1782 2732 1829 2786 lit-

1025 2837 1182 2899 terasquea
1209 2828 1323 2883 Damaso
1343 2827 1435 2882 attulit
1453 2824 1618 2888 Athanasio,
1637 2839 1653 2878 ι
1673 2839 1726 2893 quo
1741 2824 1826 2879 ctiam

1026 2922 1118 2976 missae
1133 2921 1166 2975 ad
1188 2919 1318 2975 Basiliam
1334 2927 1407 2984 sunt,
1428 2933 1489 2990 qnae
1504 2919 1536 2971 ad
1552 2931 1614 2972 euttt
1641 2916 1826 2985 pertinebant,

1026 3014 1157 3084 Synodion
1168 3014 1269 3067 scilieet
1279 3012 1393 3066 Rotnani
1408 3013 1527 3078 concilii,
1542 3028 1601 3083 qttae
1611 3014 1644 3067 ab
1653 3026 1686 3067 eu
1699 3010 1827 3064 Occiden-

170 3120 301 3184 oportere
322 3119 474 3164 innumerae.
497 3108 566 3162 ltine
580 3119 627 3160 eos
644 3104 761 3175 probare
775 3117 827 3156 non
851 3116 972 3172 possum,
988 3087 1011 3151 C
1028 3110 1119 3164 epitom
1145 3106 1255 3172 dicitur,
1274 3121 1305 3162 ,oc
1327 3105 1507 3176 quomdam
1535 3115 1665 3176 protom
1682 3120 1715 3160 ox
1740 3103 1825 3159 Gottia

172 3209 218 3278 qni
233 3214 326 3275 putant
348 3202 514 3258 Dorotheum
532 3202 643 3255 liotttam
663 3196 806 3252 advenisse
826 3198 877 3250 sub
893 3195 973 3249 linem
1027 3204 1232 3273 episcoporum,
1258 3215 1291 3254 ac
1313 3198 1448 3253 Valeriani
1477 3198 1659 3268 Aquileiensis
1685 3197 1825 3267 epistulas.

173 3299 354 3372 praecedentis
367 3297 442 3360 anni.
459 3309 575 3363 cumque
588 3308 619 3348 ea
640 3293 778 3364 synodus,
793 3305 843 3359 utta
865 3288 975 3345 Attten·
1026 3294 1068 3350 Au
1086 3296 1216 3348 {tarnasus
1232 3290 1498 3362 petetersynodieam
1514 3290 1599 3356 illam,
1615 3291 1681 3345 alias
1692 3288 1824 3356 adprnxc·

175 3396 228 3449 qus
243 3394 388 3447 damnatus
408 3399 465 3456 051,
479 3388 522 3443 oet
543 3387 632 3441 adtrito
646 3392 807 3454 oriiqreqota
823 3382 909 3446 toret,
933 3380 974 3434 t'cl
1028 3385 1063 3440 rit
1077 3385 1109 3438 ad
1130 3383 1254 3439 curandum
1271 3382 1398 3437 Basiliam
1414 3383 1519 3438 litteras
1544 3380 1667 3451 privatim
1694 3380 1821 3449 scriptas,

172 3486 346 3557 prolocuto,
363 3498 442 3552 qnam
456 3498 490 3537 eo
506 3479 663 3543 adveniret,
679 3477 811 3532 dissoluta
834 3482 917 3538 esset,
940 3473 977 3541 ip-
1028 3492 1151 3532 asserere
1175 3492 1228 3531 non
1247 3475 1334 3530 ausim
1348 3493 1355 3529 ι
1367 3490 1416 3530 eur
1438 3475 1510 3530 enim
1532 3490 1584 3529 nun
1604 3489 1651 3530 eas
1674 3473 1719 3529 ille
1732 3486 1828 3527 recen·-

175 3593 234 3633 uum
257 3574 355 3630 demde
372 3575 452 3629 rebus
473 3572 600 3628 celeriter
613 3569 746 3626 continetis
765 3569 862 3622 iterum
876 3565 977 3621 dices·
1028 3570 1128 3625 sitisset
1141 3570 1211 3622 inter
1227 3575 1352 3635 ceteras,
1366 3583 1433 3637 qum
1453 3582 1482 3621 se
1502 3569 1639 3638 accepisse
1654 3566 1688 3620 ait
1707 3564 1767 3636 ejus
1780 3579 1828 3636 qe·

172 3670 317 3726 sissecnm
332 3666 444 3728 Sabino,
466 3665 511 3735 qni
526 3665 598 3718 circa
614 3662 717 3717 Pascha
741 3660 821 3728 hunius
848 3645 911 3712 antri
932 3658 977 3711 lit·
1029 3662 1103 3716 neris
1127 3661 1258 3730 epistolas
1281 3660 1317 3732 (c)
1333 3676 1394 3715 cum
1410 3659 1551 3714 bertranus
1578 3661 1722 3728 episcopus
1739 3658 1828 3726 prituo

175 3771 248 3818 teras
258 3758 408 3817 athanasio
420 3756 594 3813 Alexandriae
608 3753 735 3809 reddidit.
753 3749 886 3819 Quidquid
904 3747 976 3802 enim

175 3853 209 3907 sit
235 3854 418 3919 detempore,
443 3864 496 3915 qam
524 3847 654 3900 etaemus
682 3842 728 3896 ille
750 3841 862 3894 ιιοιιιιιιι
888 3840 976 3905 uenit,

172 3953 253 4011 atque
270 3942 332 3995 inde
345 3941 411 3992 aldit
425 3954 486 3992 curn
502 3935 613 4014 sobino,
629 3931 701 4003 quod
716 3931 785 3987 benc
800 3929 977 3985 constitutum

174 4040 256 4103 puto,
277 4028 436 4101 si'synodus
449 4028 536 4097 aliqua
553 4036 616 4080 ttruc
629 4025 722 4079 Ριιιιιιιιι
738 4023 904 4087 iubebatur,
918 4039 977 4093 quaa
1029 4031 1090 4100 quia
1106 4029 1221 4085 Darantaso
1234 4034 1358 4101 cognitus
1382 4048 1414 4086 ae
1434 4031 1577 4089 santiliaris
1602 4030 1686 4087 luisse
1708 4031 1823 4096 uidetur,

174 4118 311 4182 causaest
329 4139 378 4180 eur
397 4124 526 4177 nantuacus
546 4136 600 4176 nou
615 4121 718 4175 litteras
730 4119 763 4174 ad
779 4118 931 4174 Oriemalcs
945 4135 978 4174 ex
1029 4123 1088 4177 sinc
1110 4122 1181 4192 quod
1204 4124 1315 4194 seriptis
1339 4124 1372 4178 ad
1395 4124 1569 4180 bamasuma
1595 4123 1695 4179 Basilio
1717 4123 1825 4189 litteris,

175 4221 227 4273 bac
249 4219 304 4287 ipsa
329 4215 454 4288 syttodo,
470 4217 516 4268 sed
533 4214 687 4282 etentplum
705 4212 892 4267 tantummodo
907 4213 978 4268 litte·
1028 4232 1096 4286 quas
1116 4216 1306 4284 expendimus,
1330 4233 1393 4272 suas
1418 4219 1488 4273 alten
1516 4229 1625 4288 rogatus
1652 4217 1824 4288 adjtrnxcrat,

175 4326 265 4367 rarum
279 4309 313 4365 ad
327 4308 447 4380 illyricos
458 4316 536 4363 antea
547 4313 709 4380 scriptarum
724 4307 825 4363 Sabino
840 4308 979 4377 portoren-
1029 4315 1086 4368 siue
1099 4313 1215 4382 ‹teoiqoe
1228 4315 1290 4384 quia
1303 4315 1345 4368 rix
1360 4313 1416 4370 lteri
1430 4324 1529 4385 potest,
1540 4315 1605 4386 quin
1621 4315 1730 4387 aliquod
1743 4316 1825 4369 ctiam

174 4405 239 4462 dum
265 4404 390 4460 dederit?
414 4419 448 4458 au
474 4403 625 4460 Sozomcno
649 4403 729 4470 lorte,
752 4418 783 4457 ac
806 4402 978 4458 Tbcudoreto
1031 4406 1143 4461 tnissum
1161 4405 1250 4462 cidem
1262 4405 1343 4463 luerit
1358 4407 1391 4462 ad
1418 4423 1473 4474 res,
1490 4424 1550 4479 quae
1579 4418 1642 4463 tunc
1665 4407 1825 4478 agebantur,

173 4499 389 4557 Occidentalium
406 4499 502 4571 magis,
519 4514 598 4569 quam
611 4496 788 4555 Orientalium
804 4512 848 4552 res
863 4499 977 4568 cognitae
990 4468 1018 4529 Ῑ)
1032 4501 1213 4556 necessarium
1232 4503 1481 4558 eotttnronitorinm.
1498 4503 1566 4558 llinc
1590 4504 1711 4558 substitit
1727 4502 1827 4558 bledio-

175 4593 262 4662 luere,
279 4592 473 4664 ntsynudicam
490 4591 598 4663 quidem
613 4591 750 4661 legerent,
765 4606 825 4659 qne
841 4590 873 4644 ad
892 4592 977 4662 lllyri-
1029 4594 1148 4650 lanensis
1170 4595 1213 4649 bie
1236 4595 1366 4650 diaconus
1385 4596 1622 4665 atiquotemports
1646 4596 1735 4665 spatio
1757 4594 1828 4666 apud

1029 3753 1090 3808 luco
1114 3755 1252 3821 collocari,
1270 3770 1301 3810 ac
1328 3758 1473 3810 tttetnorari
1491 3753 1642 3809 debuisset?
1656 3752 1734 3808 titud
1759 3767 1827 3809 vero

1028 3936 1143 3994 Sabitms
1156 3937 1256 3992 dimitti
1269 3938 1301 3993 ad
1318 3955 1379 3994 eum
1395 3955 1448 3994 aton
1459 3939 1553 3994 debuit
1565 3939 1625 3995 siue
1644 3940 1753 4004 litteris,
1768 3938 1825 3993 sire

1028 3847 1134 3901 ridetur
1150 3847 1215 3901 ntilti
1230 3848 1404 3903 statuendum
1431 3862 1492 3902 cnm
1507 3846 1666 3911 btliauasin,
1681 3846 1739 3902 siue
1762 3846 1825 3917 quia
1918 3913 1928 3923 ·

88 4719 91 4724 ·
175 4697 222 4736 eos
237 4686 337 4754 scripta
356 4694 412 4748 est,
432 4701 492 4756 qum
506 4700 572 4739 vero
586 4683 682 4738 endem
699 4693 820 4751 tempore
834 4683 866 4736 ad
883 4681 976 4738 Orien·

175 4773 240 4830 tolet
259 4777 339 4829 allata
359 4778 500 4842 asseritur,
515 4776 582 4830 clam
599 4776 659 4828 illus
674 4772 774 4829 tuerint
788 4773 822 4829 At
837 4774 979 4845 inquiunt,

176 4865 294 4925 Sabinus
307 4868 437 4919 diaconus
452 4883 499 4932 per
517 4865 653 4936 illyricum
676 4866 727 4920 iter
750 4866 847 4921 iecisse
868 4866 976 4934 debuit,

176 4963 309 5035 siquidem
329 4963 432 5017 litteras
445 4963 479 5017 ab
499 4977 591 5017 etrrttnt
609 4963 728 5016 locorum
744 4963 880 5032 episeopis
904 4963 978 5018 Barsi-

176 5056 214 5112 lio
232 5052 364 5119 reddidit,
382 5053 427 5125 qui
442 5062 584 5123 propterea
601 5055 653 5107 illis
669 5054 794 5124 privatim
815 5069 845 5109 se
861 5055 978 5124 rescrip-

177 5149 247 5205 sisse
271 5151 308 5203 ait
322 5145 382 5220 (o):
408 5163 488 5217 quam
504 5160 569 5200 veru
582 5146 662 5199 aliana
678 5147 713 5199 ob
737 5160 847 5200 causant
874 5147 907 5200 ad
930 5162 976 5203 eas

94 5279 99 5292 ,
175 5243 299 5311 regiones
314 5252 470 5312 penetrasse
486 5239 583 5311 potuit,
599 5252 679 5307 quam
692 5247 720 5291 ut
731 5237 888 5306 syttodieam
904 5239 974 5294 illam

177 5328 291 5388 Romani
306 5335 413 5391 concilii
427 5333 569 5404 epistolam
582 5329 669 5402 primo
682 5328 715 5384 ad
730 5328 790 5384 illos
807 5328 901 5397 ferret,
918 5340 973 5385 tum

215 5490 255 5560 (a)
277 5490 420 5574 Noaqrrncti
435 5495 572 5550 diaconum
585 5491 755 5572 Sutrinorum
767 5488 820 5543 illis
835 5487 978 5570 (Occidetm

179 5558 636 5691 eluiturstreuui
646 5555 973 5689 titlescumbe

177 5640 225 5758 qim
234 5647 345 5756 ίἷιίιενιιιρ
352 5652 487 5760 ‹todiriiuf
499 5653 583 5780 ls'qiigi
594 5653 648 5771 adii,
665 5707 698 5763 ιιι
711 5647 822 5760 &pmii

1030 4684 1218 4752 dtltanasium,
1234 4696 1289 4741 tom
1305 4687 1402 4743 deinde
1413 4685 1566 4744 Caesaream
1580 4688 1736 4744 accessitad
1751 4687 1828 4744 Basi-

1030 4779 1107 4842 littttt,
1124 4780 1167 4848 qui
1182 4789 1323 4850 premieres
1335 4783 1458 4836 solatium
1472 4781 1581 4854 aliquod
1606 4783 1712 4853 cepisse
1732 4782 1769 4836 ait
1790 4797 1827 4837 ex

1032 4871 1236 4928 Occidentalinnt
1260 4874 1367 4942 litteris
1386 4875 1459 4930 velut
1472 4891 1532 4945 qum
1545 4883 1626 4930 rectae
1646 4890 1740 4929 eorum
1752 4872 1827 4939 ddei,

1031 4965 1179 5020 etiuvictae
1200 4967 1224 5019 bt
1247 4982 1277 5022 ea
1294 4968 1433 5022 retinenda
1458 4968 1612 5022 concordiae
1637 4972 1828 5036 atgrrtneututtt

1030 5065 1133 5122 essent,
1146 5055 1272 5125 additque
1285 5057 1411 5113 solatium
1421 5057 1487 5112 illud
1501 5069 1608 5114 auctum
1624 5058 1722 5115 deinde
1733 5057 1828 5115 Sabini

1030 5146 1135 5202 diaconi
1149 5148 1264 5203 atluentu
1275 5148 1325 5220 (d).

1064 5239 1096 5295 ll.
1116 5241 1156 5295 do
1172 5243 1218 5296 itas
1238 5255 1328 5299 alutem
1345 5244 1489 5315 synodicas
1507 5245 1611 5300 litteras
1628 5245 1744 5317 illyricis
1769 5246 1826 5313 pri·

1029 5349 1113 5400 mrim,
1127 5341 1182 5389 turn
1195 5334 1293 5392 deinde
1314 5337 1498 5402 Orientalibus
1511 5338 1666 5410 inscriptas,
1687 5347 1715 5394 et
1736 5347 1826 5393 traus-

1066 5491 1105 5563 ιι)
1125 5492 1178 5575 Vit.
1195 5493 1290 5560 Basil,
1304 5510 1364 5565 cap.
1378 5495 1425 5563 ιι,
1441 5510 1515 5552 ntum.
1531 5496 1558 5551 5.

1076 5565 1099 5633 c)
1121 5564 1180 5648 Vrii.
1195 5564 1278 5635 tzpio.
1301 5566 1346 5622 89.

1075 5633 1103 5707 d)
1126 5637 1210 5708 liptat.
1223 5635 1267 5692 90.
