3900 6134
171 165 225 224 us
717 106 879 214 uuureur
898 140 1051 212 perseam
1068 149 1277 212 euasurum
1764 151 1822 213 res

168 282 236 338 titii
245 278 273 334 t't
286 274 492 334 mimiambi-
510 270 624 338 Quidam
638 266 707 325 enim
720 268 812 324 andita
828 269 903 324 ¹itoc
917 283 970 323 non
983 271 1140 341 Aesernpio
1154 270 1325 327 contumacia
1336 271 1441 329 cadarrt.
1472 272 1595 328 Viuidum
1618 274 1687 328 enim
1712 273 1819 330 uerbum

170 371 334 429 crediderunt
346 410 354 435 ,
368 366 478 423 sednon
491 380 579 419 ontnes
604 364 650 433 qui
668 363 787 419 exierant
801 363 833 418 de
852 360 971 435 AEqqpto
1020 359 1081 429 Dei,
1095 372 1119 418 et
1132 362 1258 430 rabidum,
1270 374 1295 418 et
1309 375 1414 420 usurum
1428 365 1499 421 „mnf
1522 374 1535 401 0
1548 363 1639 440 9q,p,·0
1654 365 1818 432 ,mim-m,

171 480 218 535 per
230 461 350 532 Moysen.
368 458 420 525 Qui
432 455 447 495 b
460 465 547 511 autem
558 455 644 528 perosi
655 455 680 511 ei
688 453 972 527 ineruntqnadraqima
1021 464 1045 510 et
1052 464 1190 525 penetrans
1202 470 1280 525 nsque
1290 454 1324 509 ad
1336 456 1489 510 diuisionem
1502 457 1598 513 aniame
1609 466 1633 513 et
1646 456 1764 528 spiritus,
1776 473 1822 511 ar·

169 556 266 614 annis?
282 570 334 610 nan
347 553 374 607 tu·
384 553 426 623 qni
437 559 615 623 peccauerunt,
630 548 872 620 querumcadarero
878 550 972 621 jacue-
1021 554 1171 618 tnnrnqueet
1182 548 1365 614 medntinrum,
1377 558 1402 604 et
1415 557 1544 603 scrutator
1554 549 1636 603 animi
1648 559 1672 604 et
1683 549 1822 623 eoqitatie·

167 659 229 706 runt
241 649 268 704 irs
282 646 433 703 solitudine.
450 643 549 712 Quibus
559 653 646 700 autem
655 643 816 712 iurauitnon
828 642 971 697 intraturos
1022 640 1062 694 nis
1075 640 1173 708 cordis,
1187 649 1211 696 et
1224 658 1275 696 non
1288 650 1327 697 cst
1342 642 1397 697 utta
1410 641 1507 697 creatio
1521 658 1579 713 quse
1593 657 1643 698 nan
1656 651 1748 712 pareat
1762 653 1823 699 ante

168 743 199 799 in
210 741 324 812 requiem
335 753 419 804 suam,
434 737 484 793 nisi
497 747 508 776 ⁰
522 736 737 791 contumacibus?
749 743 773 789 et
786 735 901 789 uidemus
911 732 971 800 quia
1021 734 1113 791 iiiam:
1126 736 1214 791 omnia
1229 747 1315 792 autern
1327 737 1399 792 nuda
1414 748 1439 793 et
1453 746 1545 808 aperta
1560 737 1643 794 ecuiis
1668 741 1764 811 eiust>
1786 738 1822 793 ad

170 851 223 891 nan
237 840 375 907 potueram
389 831 487 886 intrare
500 837 606 900 propter
618 825 837 883 increduiitatem.
868 825 972 881 Tinteo·
1020 844 1095 898 quern
1107 828 1179 884 nobis
1192 831 1258 885 ratio
1267 839 1307 885 est
1318 829 1400 899 (ibid.
1418 829 1460 901 ιι).
1472 829 1540 886 Cum
1552 828 1613 886 haee
1628 830 1664 886 iu
1673 830 1741 898 sint,
1754 846 1823 901 quu-

170 946 229 986 mus
240 930 327 1000 itaque
341 943 373 983 nc
386 941 448 982 casu
462 924 475 962 θ
491 923 616 980 derelicta
626 924 750 978 mandato
763 925 862 980 intrare
877 932 889 960 0
909 921 970 993 qui·
1020 920 1103 976 modo
1110 922 1301 992 potueritquis
1310 929 1432 978 nostrum
1439 921 1556 978 transire
1564 921 1598 977 ad
1609 935 1657 978 vos
1665 922 1692 977 in
1707 921 1823 992 pertidia

170 1023 233 1079 dam
245 1031 357 1076 oestrum
370 1020 399 1074 in
410 1019 525 1090 requiem
536 1019 593 1090 ejus
606 1016 887 1087 sranposserideantur.
898 1013 970 1070 Nam
1021 1023 1163 1072 manentes
1171 1014 1348 1072 iudeorum?
1361 1031 1421 1088 quae
1433 1031 1524 1074 rerum
1537 1016 1746 1074 raeiouusrotus
1755 1031 1823 1089 pas-

170 1123 195 1170 et
207 1113 390 1169 annuntiatum
400 1119 438 1166 est
451 1108 534 1176 nobis,
551 1108 901 1180 quemadmodumcumque
919 1123 971 1162 non
1020 1106 1055 1162 sit
1067 1106 1184 1178 iungere
1194 1105 1370 1164 Christianos
1380 1108 1500 1177 Ariarris,
1516 1123 1578 1165 euin
1589 1108 1744 1165 videremus
1769 1124 1823 1166 ros

170 1207 273 1280 proisit
286 1205 340 1262 iidie
354 1204 460 1260 omium
487 1203 603 1269 auditus,
620 1219 672 1258 non
689 1199 699 1240 ¹
727 1210 885 1272 temperatas
910 1199 972 1270 fidei
1021 1212 1082 1255 esse
1096 1198 1172 1255 iltius
1185 1200 1277 1271 gentis
1290 1200 1448 1256 imitationis
1464 1210 1478 1250 ι
1492 1200 1634 1272 perbdieei
1644 1199 1737 1272 dequa
1751 1216 1823 1272 qua-

169 1300 332 1356 asditorum.
360 1296 550 1351 intrabimuse
577 1294 693 1349 enimin
716 1294 831 1364 requiem
843 1295 900 1365 ejus
925 1292 971 1364 qui
1019 1290 1103 1347 modo
1117 1303 1230 1362 possent
1242 1293 1620 1365 emergereeouiuqientesad
1629 1294 1741 1351 duruum
1752 1296 1821 1354 Deii

169 1393 342 1457 credidimus,
354 1399 382 1445 ut
392 1389 458 1444 dieit
471 1405 480 1442 :
494 1387 570 1443 Sient
580 1387 670 1461 joran
683 1387 710 1441 in
720 1387 761 1440 iro
772 1401 839 1451 mea,
849 1385 871 1439 ei
884 1385 969 1439 imre·
1023 1391 1034 1419 ¹
1051 1382 1078 1438 iu
1091 1380 1204 1439 neribus
1218 1386 1407 1456 apostotorum
1421 1385 1530 1443 loeutus
1542 1386 1578 1442 ita
1593 1387 1630 1442 sit
1644 1386 1741 1443 Petrus
1757 1388 1824 1445 bea·

170 1484 232 1541 bunt
242 1484 270 1538 in
286 1481 399 1552 requiem
412 1495 505 1535 meam.
524 1476 558 1533 bit
573 1495 631 1533 caus
645 1476 761 1551 operaab
775 1475 970 1548 oriqinemundi
1022 1471 1145 1531 tissimus
1167 1473 1280 1531 dicens:
1305 1473 1489 1532 Paenitentiam
1509 1479 1589 1551 eqite,
1618 1488 1645 1535 et
1670 1479 1821 1549 baptizetur

168 1581 241 1648 {aeta
266 1584 337 1641 snut,
353 1573 420 1629 discit
435 1582 522 1628 terrren
545 1571 642 1626 alieubi
657 1571 688 1625 dc
712 1571 755 1625 die
769 1569 899 1642 septimo:
923 1568 970 1625 Sic
1021 1567 1198 1636 unusquisqne
1210 1578 1323 1655 cestrum
1339 1569 1367 1623 in
1385 1570 1488 1625 nomine
1512 1570 1621 1627 Domini
1646 1575 1730 1629 nestri
1754 1572 1823 1632 dese

168 1683 194 1728 et
211 1671 335 1739 requierit
355 1667 425 1724 Deus
435 1668 463 1722 in
478 1667 520 1722 die
542 1667 652 1737 septima
665 1664 698 1720 ab
720 1663 838 1720 omnibus
849 1663 968 1736 operibus
983 1659 1117 1724 BCbristi
1130 1663 1347 1745 inremissionem
1360 1675 1536 1738 peecatorum,
1547 1679 1571 1723 et
1578 1668 1711 1742 accipietis
1721 1669 1823 1726 deum

168 1766 234 1822 suis.
247 1764 281 1821 Et
293 1761 308 1800 ¹¹
321 1763 348 1818 in
361 1763 410 1817 boc
422 1761 529 1824 iterum,
541 1760 564 1814 si
576 1758 709 1814 imrebunt
721 1757 748 1812 in
754 1757 866 1828 requiem
874 1770 967 1811 meant.
1020 1754 1139 1825 Spiritus
1149 1760 1242 1812 saneti.
1260 1758 1339 1814 Vobis
1351 1760 1422 1814 enim
1432 1771 1469 1816 est
1482 1760 1537 1817 ittee
1551 1770 1562 1798 ⁸
1577 1764 1727 1834 promissio,
1751 1773 1777 1820 er
1789 1765 1824 1837 ῥ.

169 1856 241 1932 Erqo
254 1858 316 1929 quia
328 1866 447 1928 superest
463 1855 642 1926 irettquerum
651 1853 750 1907 intrare
768 1852 796 1905 in
807 1851 893 1918 iiiam,
905 1859 929 1904 et
940 1849 967 1905 bi
1020 1845 1063 1903 iiis
1073 1849 1172 1916 restris,
1189 1860 1212 1904 et
1225 1850 1344 1906 amnibus
1357 1852 1402 1923 qui
1414 1854 1492 1924 tonqe
1506 1864 1759 1927 sunt,qttascmnque
1768 1857 1823 1912 ad·

165 1952 260 2024 quibus
275 1951 347 2019 prius
364 1948 535 2020 predicatum
557 1955 597 2002 est
615 1962 666 2001 non
688 1946 850 1998 intrauerunt
861 1952 967 2013 propter
1019 1945 1145 1999 naeaoerit
1157 1943 1286 2000 Dominus
1298 1945 1370 2003 Deus
1383 1952 1482 2004 oestert
1497 1948 1661 2006 :niiisetiam
1670 1951 1825 2021 uerbispis-

165 2042 370 2100 contumaciam.
385 2038 576 2096 Rursnsaiiam
600 2037 725 2107 prefiniit
744 2037 814 2091 diem
834 2035 922 2102 bodie,
938 2035 967 2089 in
1018 2035 1092 2090 rimis
1104 2036 1297 2093 contestabatur
1307 2047 1321 2075 ¹¹
1334 2049 1359 2095 et
1371 2039 1557 2096 eubortabatnr
1568 2058 1612 2098 ees
1625 2042 1714 2098 dicens
1731 2059 1741 2098 .·
1759 2042 1826 2100 Eri·

165 2132 379 2200 Daeiddicendo,
392 2140 449 2204 post
460 2139 562 2185 tantam
572 2129 696 2198 temporis
706 2130 772 2182 sicut
782 2138 858 2182 antea
870 2127 967 2182 dietum
1018 2128 1071 2197 pite
1080 2145 1124 2184 ees
1132 2146 1148 2184 a
1156 2131 1322 2202 qeneratiane
1331 2132 1378 2186 ista
1386 2148 1466 2202 praua
1475 2133 1545 2203 (ner.
1557 2150 1587 2200 u,
1597 2133 1655 2194 58).
1672 2134 1731 2192 Nee
1741 2147 1827 2206 pote·

164 2238 223 2284 est:
241 2225 328 2281 Hodie
340 2225 364 2278 si
371 2239 460 2279 eorem
468 2224 526 2295 ejus
540 2220 689 2288 audieritis,
716 2221 796 2275 notite
816 2220 968 2292 praedurare
1018 2220 1164 2289 risdieete
1175 2238 1228 2280 nou
1239 2226 1685 2299 vosessenrtauosqeremuouem
1695 2244 1821 2301 pravam,

164 2320 248 2378 eorda
259 2330 355 2382 uestra,
369 2317 491 2387 quoniam
504 2317 528 2370 si
538 2315 615 2370 iesus
627 2315 681 2369 itiis
697 2315 704 2364 i
721 2314 965 2384 recommendant,
1017 2315 1098 2370 sicuti
1104 2313 1406 2386 inerintaesiutiudaei,
1414 2319 1625 2389 quaudoeernas
1633 2332 1697 2379 tune
1703 2323 1823 2394 scribas,

162 2416 217 2470 itan
232 2412 265 2466 de
279 2410 293 2449 ¹¹
307 2410 361 2465 aiio
372 2407 490 2474 dixisset,
513 2416 616 2478 postera
636 2405 678 2460 die
691 2421 754 2477 erqo
766 2413 846 2460 restat
867 2405 966 2477 requies
1016 2404 1221 2476 pharisaeum
1238 2408 1375 2479 principes
1389 2408 1548 2467 iudaeorum
1564 2411 1668 2470 idcirco
1685 2429 1750 2472 esse
1763 2415 1824 2474 die-

163 2505 261 2578 poputo
273 2504 334 2558 bei.
346 2501 448 2557 Etenim
460 2501 505 2571 qui
518 2497 626 2555 intrarit
639 2498 666 2552 in
676 2499 789 2567 requiem
797 2500 866 2570 ejus,
877 2508 901 2552 et
911 2497 966 2569 ipse
1017 2505 1060 2553 tos
1073 2513 1155 2569 prava
1166 2500 1318 2570 generatio,
1331 2501 1404 2573 quud
1419 2504 1492 2560 enim
1505 2514 1533 2560 et
1547 2505 1596 2562 Dei
1608 2506 1749 2578 negabant
1772 2509 1822 2567 ut·

161 2599 286 2669 requierit
296 2594 605 2667 abopcribnssnis,sieut
615 2608 630 2646 a
640 2590 774 2646 sniebeus
784 2588 963 2664 (dietrami).
1018 2589 1095 2658 tium,
1110 2601 1138 2648 et
1153 2609 1249 2650 omnies
1261 2594 1288 2650 iu
1304 2595 1363 2667 ejus
1384 2597 1531 2655 eredentes
1545 2599 1669 2656 divinam
1685 2602 1822 2674 majesta·

161 2692 232 2762 Quis
247 2700 303 2748 tam
317 2691 430 2757 stultus,
445 2697 475 2745 ut
488 2702 550 2743 euru
565 2684 624 2741 inme
638 2682 745 2756 legerit,
757 2684 816 2740 irtec
829 2684 966 2754 acceperit
1016 2689 1070 2738 tem
1083 2695 1332 2757 persequerentur:
1345 2702 1413 2756 reon,
1430 2689 1552 2762 inquam,
1566 2694 1673 2764 poteris
1688 2694 1823 2756 dicerem

160 2802 178 2843 a
192 2786 274 2843 basto
288 2782 433 2854 apostolo,
445 2781 579 2838 deserens
593 2779 674 2835 iidem
690 2778 880 2850 apostaticam,
904 2793 966 2835 sus·
1015 2785 1098 2848 atque
1111 2787 1227 2835 cunctos
1242 2781 1358 2838 Arianos
1372 2799 1426 2839 uon
1438 2799 1500 2842 esse
1521 2788 1726 2860 generationem
1757 2805 1822 2863 pn.

161 2878 256 2950 cipere
272 2883 360 2933 tentet
373 2872 521 2930 berasimt
546 2871 615 2940 Quis
628 2885 691 2926 eum
711 2883 814 2942 negare
841 2868 963 2940 audebit,
1014 2879 1114 2928 rames
1125 2888 1294 2944 perversam,
1307 2877 1417 2947 qrrando
1430 2878 1488 2936 bore
1498 2879 1706 2953 sitisqereutes,
1717 2896 1823 2956 quaet

161 2985 245 3044 quem
260 2967 351 3024 rideat
375 2974 507 3022 eternam
534 2963 659 3034 requiem
680 2961 801 3017 tribuere
824 2970 964 3033 potentem
1015 2963 1072 3018 iiii:
1088 2965 1113 3019 si
1129 2965 1167 3021 iiii
1184 2965 1294 3022 inerunt
1309 2969 1421 3026 unicum
1442 2982 1575 3045 ueqautes
1587 2974 1637 3031 Dei
1649 2975 1765 3045 Filium,
1780 2979 1819 3037 its

162 3062 342 3122 credentibus
354 3074 384 3116 se
400 3056 424 3126 ¹,
440 3067 468 3114 et
487 3056 557 3114 velit
570 3056 597 3111 in
613 3054 689 3110 ibium
704 3053 820 3110 eredere
834 3068 897 3109 eum
910 3068 964 3125 quo
977 3049 1000 3114 C
1015 3053 1106 3112 tacitis
1120 3066 1148 3113 et
1158 3072 1224 3112 uos:
1240 3059 1262 3114 si
1278 3059 1319 3116 iiii
1346 3064 1493 3135 perseeutit
1507 3074 1572 3121 sunt
1585 3080 1682 3125 serres
1704 3078 1821 3128 aeterum

160 3155 279 3227 incipiat
291 3154 318 3211 in
333 3161 467 3210 aeternum
494 3148 605 3220 puniri?
619 3148 686 3216 Quis
699 3155 742 3204 est
770 3146 834 3202 talis
858 3146 910 3203 nisi
934 3157 963 3204 tu
1014 3147 1249 3221 elememimejus,
1264 3152 1460 3225 persequimini
1475 3158 1559 3212 etiam
1570 3172 1630 3213 ros.
1651 3158 1725 3228 erid
1736 3161 1821 3234 ipsam

161 3248 342 3310 Constantius
354 3245 520 3315 Imperator,
535 3241 583 3313 qui
595 3239 771 3311 dereliquisti
784 3239 893 3295 Domini
904 3252 965 3295 cas·
1014 3249 1173 3312 oportuerat
1183 3257 1234 3298 ιιιιι
1260 3240 1361 3312 iacere,
1387 3244 1441 3302 uisi
1465 3247 1616 3304 seeundum
1642 3248 1717 3307 Petri
1744 3252 1818 3309 besti

161 3351 215 3410 tra,
231 3352 258 3399 et
273 3341 420 3397 transitum
434 3334 524 3393 iecisti
537 3334 571 3390 ad
587 3332 689 3389 diaboii
702 3331 835 3388 domum?
849 3330 965 3389 Nande·
1015 3342 1182 3405 preceptum
1201 3334 1423 3394 recederemusa
1447 3339 1524 3396 vohis
1549 3341 1713 3413 saeriieqisi
1737 3343 1819 3404 uuus

159 3435 282 3506 libii¹¹¹⁸
295 3430 404 3496 miii»
420 3427 501 3484 5¹⁰⁰st
518 3436 547 3482 tu
558 3424 682 3496 delegisti
697 3438 761 3480 eum
773 3432 898 3480 amatore
914 3435 963 3480 tuo
1014 3425 1086 3483 enirn
1101 3427 1240 3483 vobiscum
1252 3436 1361 3498 poterat
1374 3429 1545 3488 eonsenire?
1560 3447 1623 3489 eum
1634 3432 1738 3492 dixerit
1759 3435 1819 3492 iio·

160 3527 285 3595 diabulo,
299 3523 348 3582 sed
362 3523 389 3578 in
405 3520 529 3593 requiem
545 3529 707 3591 perpetuam
723 3518 827 3574 intrare
849 3516 961 3572 iestirra·
1015 3520 1106 3577 minus
1117 3521 1143 3576 in
1156 3521 1324 3594 Evangelio:
1335 3524 1563 3581 Artenttreveoits
1576 3543 1593 3581 n
1607 3527 1819 3597 innuptum.

160 3609 961 3692 tuus,quam¹²¹tuamentiapotueramuseapi,eteriabeati
1012 3614 1816 3694 risrearumqueeestbqpoerisistbuc.su.i).Qu0modopu·

156 3717 296 3782 iteritatis,
308 3709 418 3784 quando
443 3707 533 3765 adbuc
550 3708 676 3763 hortetur
690 3705 844 3776 Apostolus
857 3703 891 3759 ad
917 3718 962 3760 re·
1012 3703 1188 3762 tueremusiu
1198 3722 1252 3762 urio
1260 3707 1412 3763 esseieum
1421 3706 1570 3765 Corinthiis
1580 3710 1706 3768 scribens
1715 3712 1820 3773 dixerit
1886 3720 1892 3728 ·

158 3811 251 3883 quiem
265 3802 554 3879 comprehendendam
567 3810 699 3857 aternam
719 3797 827 3855 dicens:
843 3796 962 3854 Faune-
1012 3797 1110 3856 beatus
1119 3800 1283 3870 Apostolus:
1298 3799 1411 3856 Omnino
1419 3802 1598 3859 auditurinter
1607 3819 1652 3860 eos
1661 3805 1816 3878 fornicatio,

158 3892 961 3977 musiqiturintrareiniiiamrequiem,neaiiquiin¹¹eodem
1011 3893 1107 3947 ettatis
1120 3892 1349 3964 fornicatioquaiis
1360 3895 1482 3951 necimer
1503 3904 1600 3967 pentes,
1608 3897 1687 3953 'itaut
1706 3915 1819 3958 aemes·

197 4088 210 4115 ¹¹
225 4075 322 4133 dedito
337 4072 561 4128 exacerbaverunt.
574 4067 643 4124 End.
1012 4084 1073 4126 eum
1089 4069 1174 4127 verbo
1189 4069 1438 4146 diuinationqitur,
1458 4074 1514 4133 aiio
1527 4089 1611 4134 seusu
1629 4092 1661 4136 ae
1672 4078 1702 4136 iu
1723 4080 1817 4141 Lueit.

195 4147 210 4188 ¹¹
225 4145 323 4214 Quibus
336 4156 422 4199 entem
436 4153 460 4196 et
475 4139 641 4267 peresusdun
655 4137 771 4195 xuannis
782 4137 836 4194 i...
846 4151 956 4209 quarum
1050 4141 1060 4182 t
1075 4140 1110 4196 q„
1122 4159 1160 4197 ω,
1172 4142 1265 4198 Lam„

159 4213 572 4282 oseneeciderunt,ete.iiudenr.
601 4225 664 4266 raec.
679 4210 954 4281 Vuies.upudSabet.
1046 4223 1066 4251 ιι
1083 4213 1167 4280 eram
1191 4230 1250 4269 „m
1267 4224 1321 4271 ma·
1338 4215 1392 4274 Π.
1410 4217 1556 4286 Quomodo·
1585 4219 1676 4278 Latin·
1704 4225 1754 4282 sed
1778 4241 1814 4285 ex

159 4292 242 4349 ¹¹²bi¹
255 4292 396 4363 tribuere,
419 4285 554 4346 iamsi·
579 4291 608 4337 ¹¹²
620 4279 739 4337 Lucifer·
1012 4292 1127 4358 utroque
1140 4285 1179 4340 ita
1190 4301 1286 4342 sensus
1297 4290 1519 4358 interrogationis
1534 4290 1606 4348 etiiei
1622 4304 1816 4368 patestsqsess

203 4373 214 4402 e
229 4361 318 4420 Graec.
335 4362 357 4415 si
367 4363 402 4433 pb
413 4363 469 4419 reis
481 4355 712 4420 meruissemus·
723 4351 810 4410 Lucii.
820 4351 883 4410 Nisi
895 4369 958 4411 con·
971 4396 999 4459 D
1011 4373 1070 4412 cum
1083 4367 1128 4412 tua
1139 4358 1235 4413 aststia
1247 4358 1376 4429 quomodo
1389 4371 1442 4417 erc,

161 4445 285 4491 turrenses.
302 4432 380 4488 vers.
396 4432 461 4485 Αιιι.
1047 4437 1061 4465 u
1072 4429 1148 4500 Legi,
1162 4427 1256 4486 Sabat.
1285 4431 1313 4485 ,n
1333 4433 1402 4486 ,dem
1420 4433 1579 4502 mmmm,
1604 4435 1697 4494 Editio
1718 4447 1816 4498 nom

197 4505 210 4545 a
226 4505 314 4563 Grmc.
331 4508 366 4577 pri
378 4521 454 4558 rore.
469 4496 538 4553 Casu
550 4496 685 4554 omittitur
698 4496 725 4552 iu
738 4495 817 4553 Vers.
843 4498 907 4552 Aut.
1011 4514 1072 4556 cum
1083 4498 1132 4556 Ge,
1149 4501 1222 4574 deep
1232 4503 1301 4579 αὐτῷ
1313 4501 1515 4580 παραδείγματι,
1530 4517 1557 4562 e,
1572 4521 1634 4562 cum
1651 4506 1732 4567 vm.
1744 4512 1812 4570 Am·

197 4588 209 4616 ¹
226 4574 330 4630 intrare
342 4590 369 4627 sn
379 4571 492 4642 requiem
505 4570 562 4640 eius
586 4568 728 4641 neqbeeiese
748 4571 806 4638 quis
827 4567 957 4623 videntur.
1010 4585 1071 4644 que.
1086 4570 1179 4635 trahet,
1196 4586 1228 4624 ne
1239 4574 1366 4641 atiquis..
1383 4612 1392 4625 .
1410 4577 1508 4630 .eudut
1521 4580 1665 4635 auerirurp,

159 4647 239 4706 vei'S·
256 4649 320 4701 Abii·
1047 4641 1237 4724 oflpm'finffp
1246 4650 1337 4726 mim„
1349 4647 1485 4726 μάχαιραν
1498 4646 1629 4722 δίστομον.
1647 4648 1727 4709 ven·
1744 4654 1812 4714 Am,

197 4716 287 4774 ‘⁰¹¹⁸'
301 4713 408 4778 (ποθ’
423 4713 437 4769 ὁ
451 4713 525 4787 λὸῒθΐ
537 4715 573 4784 1²²5
587 4711 802 4787 ”imiimi
812 4726 897 4765 mm
907 4728 959 4766 ”im
1010 4713 1080 4768 omui
1093 4712 1181 4782 bibita
1194 4717 1379 4784 acutissimum,
1395 4727 1419 4770 et
1437 4728 1566 4774 scrutator
1580 4722 1662 4776 animi
1674 4732 1700 4777 et
1713 4727 1814 4798 copisa.

158 4799 326 4860 temperans.
339 4785 434 4840 Latine
443 4798 509 4838 rero
521 4782 666 4850 legendum
677 4796 742 4836 sum
757 4780 823 4836 Sub.
835 4798 867 4836 ex
878 4781 957 4838 Vers.
1010 4785 1086 4840 tionis
1097 4785 1192 4839 cordis.

157 4860 225 4919 Ant.
249 4865 429 4929 temperatum,
446 4853 506 4908 seii.
532 4850 646 4907 uerbum.
670 4851 736 4907 iiss.
752 4851 860 4922 plurimi
887 4852 958 4922 apud
1045 4853 1106 4912 biit
1121 4855 1148 4909 iu
1164 4854 1569 4938 Grteeu,7eptqtpqpp,eqqq,5,
1582 4863 1663 4921 vm
1677 4865 1742 4922 qm·
1751 4877 1814 4924 m,

157 4930 285 4989 errmdem
299 4933 334 5002 pi
349 4927 645 5004 commmemoratione
659 4931 823 4996 temperatos.
842 4924 958 5007 Praeter·
1009 4942 1085 4998 quern
1095 4925 1167 4982 nobie
1182 4931 1265 4984 oratio
1275 4944 1320 4986 est.
1336 4930 1430 4988 Sabat.
1445 4933 1510 5006 tegit
1523 4935 1607 4991 oratio
1621 4936 1706 4994 etiam
1718 4939 1747 4995 iu
1758 4939 1813 4997 Lu·

158 5019 193 5060 ea
212 5006 240 5059 iu
260 5000 337 5058 vers.
352 4998 416 5054 Αιιι.
431 5010 471 5051 est
483 4996 534 5067 fide
549 5009 598 5066 pru
607 4995 680 5065 fidei,
696 4994 769 5066 quad
784 4993 866 5052 usses
878 4993 959 5052 Luer-
1009 4998 1057 5056 eit.

159 5073 202 5133 ier
219 5089 281 5131 euru
293 5071 543 5146 Graeeueprrieree.
1047 5068 1233 5127 qqmqqmm·
1250 5070 1341 5132 Lanu·
1357 5081 1385 5131 e,
1404 5073 1457 5131 ‚m

196 5154 209 5194 ⁸
226 5145 358 5201 intremus
370 5157 438 5196 enirn
451 5140 479 5194 in
493 5137 618 5209 requiem,
643 5138 688 5208 qui
714 5136 855 5192 eredimus.
877 5136 956 5192 vers.
1046 5142 1166 5205 ¹Ferrte,
1183 5158 1241 5197 eum
1252 5143 1290 5209 in,
1304 5152 1359 5202 ete.

157 5217 225 5273 ΑΜ·
1046 5219 1056 5245 “
1072 5211 1140 5293 (ἶῑῐῐΰ
1152 5215 1234 5282 cypr.
1247 5216 1328 5283 truisi.
1344 5217 1388 5273 75.
1402 5216 1706 5279 miserantissime
1720 5234 1810 5283 estre.

195 5284 255 5343 ΙἘι
267 5289 295 5344 in
309 5285 357 5341 boc
368 5285 460 5340 iterum
472 5281 510 5336 sie
521 5295 531 5336 .·
542 5278 587 5346 Et,
596 5288 651 5336 ete.
661 5277 731 5336 usu.
742 5276 790 5334 sed
798 5276 886 5335 Graec.
894 5293 956 5336 cum
1009 5284 1158 5354 prorrmda.
1169 5282 1257 5340 Grae.
1272 5288 1288 5345 d
1302 5289 1353 5344 ἐπα
1386 5290 1450 5346 git«,

158 5357 246 5416 Lucii.
263 5363 307 5416 nni
320 5361 345 5413 ir
360 5360 443 5429 esterp
459 5353 550 5410 nitito·
567 5355 589 5407 ei
601 5360 655 5406 eie.
1047 5354 1056 5391 t
1073 5353 1179 5409 Nom
1197 5355 1285 5411 [min.
1299 5375 1360 5414 cum
1398 5376 1452 5417 vrs-
1468 5362 1531 5418 Am·
1548 5362 1582 5420 El
1600 5363 1679 5435 vulg·

198 5428 206 5467 ⁵
225 5433 348 5501 Superest
375 5428 499 5498 reiiquos.
516 5463 524 5477 .
544 5463 550 5475 .
580 5423 732 5491 pradictum
755 5429 816 5487 est,
843 5420 956 5479 bladum,
1044 5433 1058 5462 ιι
1070 5425 1158 5483 ρης,
1175 5425 1360 5508 διεμαρτύρετο
1374 5436 1415 5489 m,
1428 5435 1573 5512 mum
1589 5439 1689 5502 Αὐτοὺς
1702 5438 1811 5499 ,ddum

158 5496 270 5557 Ltteiier
283 5518 316 5555 ex
329 5497 436 5562 Groeeu,
452 5499 493 5552 ned
507 5495 531 5550 ei
544 5495 666 5575 npbrspuo
680 5492 910 5568 sbeppsisrrbs'oree.
1008 5510 1076 5554 mse.
1089 5499 1181 5568 piures
1193 5510 1264 5570 apud
1280 5505 1372 5558 babet.
1389 5502 1468 5560 virs.
1496 5506 1561 5561 Αιιι.
1588 5511 1744 5578 testificatus
1771 5522 1809 5569 epp

199 5573 207 5619 i
224 5574 319 5634 Αὐτοὺς
335 5572 361 5625 in
374 5569 463 5625 Graec.
480 5564 527 5620 ibib
544 5564 620 5620 tere.
634 5564 699 5620 Ant·
1008 5577 1033 5622 et
1043 5571 1238 5635 estractubasur,
1249 5572 1357 5628 dicens:
1371 5574 1582 5644 miramini,etc.

195 5636 261 5692 tDe
285 5643 345 5695 atiis
372 5640 436 5709 iequ
459 5638 552 5694 Sabat.
577 5633 665 5693 Graee.
691 5639 752 5712 rrspi
776 5632 852 5700 ἄλλης
880 5638 956 5694 urjn
1044 5648 1058 5675 v
1073 5638 1423 5717 &mmmm-vm·
1439 5647 1610 5716 Anum,
1699 5662 1810 5725 mm

135 5709 448 5769 obsessorumque.
470 5705 549 5768 ven.
562 5705 640 5787 dut.
656 5708 685 5770 in
708 5722 761 5782 qua
781 5717 885 5782 postem
914 5708 958 5765 die
1007 5709 1147 5796 dunstano.
1161 5713 1270 5797 tueiier·
1283 5731 1346 5775 enm
1359 5714 1474 5778 Tertuii.
1491 5717 1537 5779 lib.
1550 5735 1587 5777 ιι.
1598 5720 1662 5780 adr.
1676 5722 1765 5785 itare.
1800 5776 1809 5803 ,
