3900 6134
140 177 194 233 201

817 176 1084 233 intonationem.

1743 178 1797 238 203

140 308 235 364 aquo
259 291 505 349 anathematismus
525 294 571 348 illo
590 293 775 364 prauutlgatas
799 302 852 351 est.
878 292 942 347 illud
957 294 985 354 A
1001 293 1125 359 tetrrpori,
1153 290 1261 363 suntque
1276 309 1365 349 causa.
1388 294 1555 350 rerldeudutu
1579 302 1631 349 est.
1655 294 1694 349 Eo
1718 296 1797 367 igitur

141 384 232 454 ipsum
248 399 322 449 csse,
338 386 367 438 iu
395 402 447 450 qao
463 384 570 440 collecti
586 386 705 453 episcopi
720 397 775 457 post
800 384 949 452 Niroerruru,

144 483 290 530 tractarunt
305 486 329 532 et
341 477 498 532 addiderunt
508 477 585 531 etium
595 478 627 531 de
638 477 740 544 Spiritu
755 488 855 542 terreto,
870 489 950 547 atque

142 565 171 623 id
188 571 358 623 rarissimam
373 584 446 635 esse,
458 569 533 640 plora
545 570 577 625 ad
586 570 646 639 ejus
659 570 831 624 diuinitatem
844 580 871 625 rt
886 563 965 624 ndo·'

144 663 278 716 rationem
296 663 437 717 attinentia
453 663 541 730 capita
562 663 669 719 abunde
684 664 800 735 probunt
817 682 823 716 :
844 679 893 718 uec
907 679 950 719 tue

146 749 183 809 ab
201 753 249 810 hac
264 756 398 810 sententia
417 766 537 822 reuocat,
556 757 629 828 qood
650 758 676 812 iu
698 757 820 826 ejusdem
842 759 952 829 esposi-

147 845 230 902 tionis
248 848 323 901 ioitia
343 863 397 902 nou
413 849 562 903 addidimus
576 850 706 917 scripturn
722 849 768 914 sit,
783 849 830 906 sed
845 851 953 905 addide-

147 949 219 1005 rant,
234 937 305 1007 qaod
329 942 441 996 rcrbutu
464 940 536 996 aliud
560 943 702 997 couciliutn
728 943 852 1013 designat
877 954 953 1000 antc-

148 1032 211 1087 riori
226 1040 351 1103 ternpore
370 1033 493 1088 habitum
518 1051 524 1088 :
545 1035 678 1105 siquidem
694 1050 755 1090 cam
771 1035 841 1102 apud
864 1037 953 1091 'llrro-

146 1123 271 1180 duretam
286 1125 359 1180 aliud
367 1127 403 1183 sit
413 1127 447 1180 lla
454 1127 581 1183 ruasiarttc
592 1127 710 1183 ecthesis
722 1129 839 1192 initium,
851 1145 880 1183 aa
893 1145 952 1200 qttae

146 1216 193 1275 illc
207 1220 312 1275 untittit
325 1220 423 1276 iudicio
438 1223 515 1276 nohis
530 1232 603 1285 saut,
622 1240 670 1292 pro
683 1224 760 1277 uario
776 1225 952 1294 transcripto·

147 1329 209 1369 ram
226 1314 334 1383 iugeqio
347 1313 487 1369 exordium
503 1315 586 1368 luisse
597 1315 745 1384 adjectum,
759 1330 809 1370 uec
824 1315 890 1369 illud
903 1329 952 1385 pro

149 1406 273 1477 ejusdem
290 1406 405 1461 ecthesis
424 1418 501 1476 parte
518 1407 682 1463 lralreudum.
700 1407 735 1461 At
754 1408 824 1477 quod
843 1411 952 1478 grauius

149 1509 205 1563 est,
227 1497 322 1553 deiude
339 1498 373 1553 ab
387 1513 421 1553 co
433 1497 524 1569 Vigilii
543 1500 602 1553 loco
617 1501 817 1570 cognoscimus,
838 1501 953 1556 Anthro-

147 1593 230 1659 sium,
245 1593 307 1648 huic
320 1593 438 1648 concilio
454 1593 583 1656 adfuisse,
599 1593 670 1662 qaod
690 1591 789 1663 duplici
804 1593 858 1648 alio
872 1609 950 1664 argu·

1005 382 1147 438 Paulinam
1171 400 1280 454 quoque
1306 387 1502 443 Antiochenam
1527 390 1635 442 sortisse
1651 401 1727 460 puto,
1745 401 1799 444 ttuu

1002 474 1072 543 qttutl
1094 476 1151 530 hacc
1167 476 1311 531 :intinnula
1334 479 1447 534 ltutttam
1464 479 1538 535 cauti
1563 482 1687 534 terrestri
1705 481 1802 536 itiuerc

1001 566 1045 620 via
1060 579 1142 632 essct,
1157 576 1211 622 tutu
1232 577 1262 622 ut
1286 569 1479 641 llieronptnum
1501 586 1578 626 suam
1594 571 1700 626 uideret
1722 573 1749 626 iu
1770 587 1803 628 ea

1003 658 1069 714 orbe
1083 667 1146 714 tuac
1171 673 1396 716 courmorautetu.
1418 662 1487 730 Quin
1503 678 1564 717 cuut
1580 677 1631 732 ego
1653 662 1714 733 lego
1728 662 1803 719 dcci-

1003 767 1074 806 mam
1089 753 1194 807 tertiam
1209 753 1334 824 Gregorii
1349 755 1511 821 arationum,
1526 755 1661 824 uideoque
1676 756 1749 810 illum
1768 758 1803 815 de

1002 843 1173 900 Antiocheno
1195 848 1343 903 sctrisruate
1366 862 1462 904 recens
1493 857 1630 903 tratrsncta
1653 849 1805 907 ltrealeuter

1003 946 1186 1006 agunturque
1206 937 1275 994 duos
1299 939 1421 1010 ejusdem
1449 940 1567 996 ciuitatis
1588 942 1730 1013 episcopos
1751 947 1802 998 irn-

1004 1041 1087 1097 peuse
1107 1028 1273 1093 laudantem,
1297 1046 1329 1084 nc
1348 1031 1405 1101 pari
1428 1031 1454 1085 iu
1481 1031 1584 1087 horrore
1613 1034 1804 1101 collocantem,

1003 1120 1127 1175 cutttdem
1139 1122 1414 1178 Paulittuurlatuiliari
1424 1123 1805 1194 Naziattzenicousuetudine,

1004 1226 1058 1265 nou
1078 1228 1158 1268 secas
1178 1229 1208 1268 ac
1230 1214 1420 1286 Hieronymus,
1444 1232 1476 1271 ac
1498 1217 1621 1271 hleletius
1643 1219 1710 1288 ipse.
1726 1236 1804 1274 usutu

1005 1303 1219 1376 luissesuspieor
1230 1309 1256 1362 iu
1270 1323 1302 1364 en
1316 1310 1392 1375 urhe,
1408 1323 1552 1379 antequam
1565 1311 1627 1367 iude
1637 1313 1802 1371 discederet.

1302 1415 1418 1472 CAPUT
1439 1417 1507 1473 xtt.

1005 1504 1024 1558 l.
1039 1506 1129 1578 Agitur·
1139 1507 1171 1562 de
1185 1507 1311 1563 Rotnruii
1321 1510 1431 1564 concilii
1445 1513 1554 1579 epistola
1569 1512 1601 1566 ad
1617 1512 1776 1571 Gratianum
1789 1535 1806 1572 a

1041 1597 1182 1652 Sirntondo
1196 1601 1266 1653 edita
1284 1601 1311 1653 iu
1333 1600 1476 1670 appendice
1492 1601 1594 1658 Codicis
1621 1604 1805 1675 Tltrodost'aui,

147 1696 240 1743 metito
255 1685 412 1741 couilrmuri
429 1694 519 1755 potest
534 1703 540 1738 τ
563 1687 650 1756 primo
665 1687 736 1756 quod
747 1702 810 1740 caut
823 1687 881 1755 ejus
893 1688 949 1756 api-
964 1681 988 1740 B
1037 1705 1117 1758 euque
1128 1692 1291 1763 expenditur,
1306 1692 1469 1760 illustratur,
1486 1706 1561 1763 atque
1575 1695 1636 1750 huic
1655 1698 1705 1762 ipsi
1720 1701 1808 1754 ronci-

148 1778 216 1835 stoln
238 1778 271 1833 ud
287 1778 445 1834 Gratianum
459 1779 619 1847 Augustum,
637 1778 672 1832 tle
687 1793 738 1848 qua
762 1779 884 1848 sequenti
903 1795 949 1833 ca-

149 1869 205 1940 pite
219 1885 309 1940 agnm,
325 1882 416 1925 certos
429 1885 479 1923 uas
501 1870 590 1935 tarint,
612 1869 734 1922 lintruuro
749 1867 812 1923 huic
833 1869 949 1924 correilio

149 1963 297 2017 immutarat
306 1979 339 2017 er
349 1961 452 2029 diffusis
463 1960 477 2014 1
481 1961 550 2016 taiioe
559 1962 675 2034 partibas
683 1963 817 2031 episcopos
824 1962 948 2028 adfuisse,

150 2057 226 2112 nulla
237 2056 367 2122 estrada,
382 2071 431 2112 car
443 2057 477 2111 ab
492 2071 587 2110 eorum
598 2070 711 2110 turtuero
722 2055 950 2119 llediolnnenseut

151 2152 296 2222 presulem
319 2152 509 2221 excipiamus:
530 2150 652 2206 secando
675 2148 746 2220 quud
772 2149 885 2219 epistola
906 2150 951 2203 illa

151 2242 273 2313 rjtaden
286 2255 488 2315 cortscqueuter
500 2242 636 2298 Atuhrosii
654 2242 733 2300 loetus
751 2245 869 2313 reputari
889 2257 951 2312 pos·

150 2337 200 2399 sit,
215 2337 344 2409 quidquid
357 2338 409 2392 BB·
426 2338 575 2393 editoribus
589 2336 675 2392 risum
687 2338 732 2392 sit.
750 2337 876 2390 l’auliuus
892 2351 953 2407 pro·

149 2429 223 2487 lecto
234 2448 316 2486 unuut
328 2430 562 2487 relertAtubrusio
571 2432 720 2486 llomauotu
735 2431 796 2495 iter,
809 2430 880 2502 quud
894 2441 956 2499 pust

149 2523 829 2595 aliquotobordiuationeelapsosauuoscollacat,
847 2524 953 2591 quodue

150 2613 951 2688 proptereaTillemoutius‚etllll.cattlerautiuaunuurddd.

150 2706 396 2778 Atsiquisl’uuliui
409 2703 954 2776 rerbaattetrdat,uiltilexsculpet,qund

151 2814 246 2855 corum
263 2799 425 2854 sententiam
445 2800 539 2869 probet
554 2801 639 2869 uragis
657 2814 736 2869 quam
762 2806 893 2864 nostrum,
909 2797 954 2867 qui

152 2895 326 2949 Ambrosium
343 2894 454 2950 llottram
469 2895 577 2950 acuisse
590 2894 716 2960 dicituas‚
734 2901 789 2947 tunt
806 2892 858 2947 ltoc
872 2907 953 2960 auno,

152 2997 234 3060 atque
248 2990 392 3045 occasione
406 2989 514 3045 concilii
537 3005 551 3043 n
574 2991 692 3044 Damaso
716 2998 779 3044 tuuc
802 2989 954 3053 circumacti,

1035 1780 1071 1834 iio
1083 1782 1244 1837 attribuitur.
1260 1782 1293 1838 ll.
1316 1784 1453 1855 Corrtrrtur
1476 1804 1534 1840 ruur
1556 1788 1729 1858 Aquileiensis
1744 1808 1807 1851 ron.

1035 1876 1088 1929 cilti
1104 1878 1229 1946 epistola,
1243 1887 1269 1931 ut
1283 1878 1421 1932 induratio
1445 1881 1622 1952 iutellipatur,
1636 1898 1682 1935 cur
1695 1881 1806 1938 lioruuni

1035 1968 1112 2035 liuius
1122 1971 1224 2024 cutrcilii
1239 1968 1328 2024 Patres
1339 1987 1385 2041 pro
1396 1968 1511 2025 Duruaso
1521 1973 1643 2026 aduersus
1655 1972 1804 2028 Ursicinum

1037 2071 1097 2114 tttrtc
1110 2063 1258 2133 scripserint
1270 2079 1278 2129 ,·
1290 2071 1314 2116 et
1325 2079 1370 2116 rur·
1384 2073 1508 2131 praterea
1521 2066 1575 2119 hec
1589 2067 1678 2120 eadem
1694 2068 1803 2137 epistola

1038 2152 1085 2206 hoc
1099 2171 1167 2208 utrtro
1184 2156 1282 2226 scripta
1300 2157 1396 2210 centauri
1408 2158 1507 2222 debeat,
1517 2175 1547 2211 ae
1559 2160 1637 2212 tribui
1658 2159 1800 2215 Ambrosia.

1038 2243 1082 2299 tlt.
1104 2245 1255 2300 Ostetrditur
1278 2247 1419 2301 Datttasnru
1456 2265 1594 2318 perruptam
1621 2250 1652 2304 de
1675 2252 1806 2308 adulterio

1038 2349 1185 2394 accusatum
1202 2341 1306 2410 puissu3
1326 2352 1351 2396 et
1373 2343 1496 2411 auottyrui
1510 2342 1755 2399 Arusteiodarrtrrtsir
1769 2353 1806 2399 te·

1039 2433 1143 2487 meritas
1157 2445 1180 2488 et
1194 2435 1297 2488 irracitia
1311 2444 1426 2489 uotutur.

1041 2522 1061 2576 l.
1085 2525 1125 2578 Ad
1155 2524 1206 2579 hoc
1231 2535 1362 2595 praeterea
1387 2527 1532 2582 coticilium
1561 2528 1734 2584 referendam
1756 2546 1806 2601 ego

1005 2623 1071 2685 puto
1084 2616 1229 2686 epistolam
1244 2617 1317 2672 illam
1333 2619 1367 2671 od
1380 2616 1535 2672 Gratianum
1546 2629 1569 2672 et
1586 2618 1806 2689 Valentinianum,

1006 2722 1086 2778 quam
1110 2708 1272 2764 Sirtuoudas
1295 2709 1407 2764 Romani
1429 2710 1532 2764 cortcilti
1548 2714 1657 2768 tramine
1672 2714 1699 2768 iu
1720 2714 1807 2770 lucem

1007 2799 1119 2870 protulit
1138 2802 1185 2872 (c),
1201 2816 1233 2857 ac
1255 2801 1354 2857 deiude
1376 2812 1431 2856 tum
1457 2804 1482 2856 itt
1506 2801 1609 2859 Vetteta
1624 2804 1807 2861 Ctrrtriliorom

1006 2893 1137 2958 editione,
1157 2903 1212 2947 ttuu
1233 2895 1303 2949 iuter
1328 2894 1434 2948 hartrasi
1457 2893 1589 2963 epistolas
1611 2910 1627 2949 a
1649 2896 1808 2953 Constatrtlo

1008 2984 1155 3056 impressus
1169 2985 1291 3056 legimus.
1308 2985 1362 3041 Gur
1374 3002 1439 3042 vero
1455 3002 1487 3042 ea
1503 2985 1596 3042 teicrri
1609 3004 1662 3043 unu
1675 2992 1759 3059 possit
1773 2990 1807 3045 ad

154 3093 210 3136 tunt
229 3098 302 3138 narro
322 3081 385 3147 582,
404 3091 433 3136 ut
457 3083 534 3137 alteri
561 3096 670 3152 qunque
695 3080 812 3135 coticilio
836 3079 954 3137 adesset.
969 3067 992 3131 C
1009 3092 1109 3132 aunatu
1125 3079 1187 3144 atu,
1205 3088 1234 3132 at
1246 3078 1370 3150 plerique
1383 3088 1506 3146 censent,
1518 3083 1636 3135 rationes
1650 3081 1705 3151 jam
1719 3095 1812 3152 prota-

152 3172 235 3230 Certe
245 3174 315 3229 idem
328 3173 459 3230 Paulinus
470 3190 550 3230 uuam
565 3184 666 3229 tantum
678 3172 815 3229 Ambrosii
826 3173 859 3228 ad
874 3172 957 3228 blasi·

153 3282 230 3323 mum
246 3266 408 3337 legationem
423 3277 573 3332 nretnorat,
590 3282 623 3320 au
646 3282 712 3321 uero
734 3275 875 3337 propterea
888 3266 957 3320 altc-

154 3373 226 3425 ram,
243 3360 320 3426 cuias
333 3362 392 3428 ipse
405 3357 566 3413 Artabrosius
583 3358 609 3412 ιιι
623 3357 745 3411 oratioue
758 3357 783 3409 in
800 3356 893 3410 iuuere
905 3356 957 3410 ιιι·

155 3450 297 3506 lentiuiani
310 3450 382 3506 dicta
397 3454 473 3506 testis
486 3460 537 3517 est,
557 3451 650 3506 lalsotu
667 3465 727 3505 esse
740 3448 880 3504 dicernusl
895 3448 958 3503 Scio

155 3557 282 3612 magnum
297 3542 444 3597 Bruanium
459 3543 592 3608 scrihere,
608 3542 780 3597 altithrosiam
805 3541 892 3611 ipsum
907 3541 958 3595 hnc

157 3648 228 3690 auito
241 3634 370 3690 Sinnium
384 3634 489 3704 proieci
501 3650 535 3688 uu
548 3633 632 3689 sitisse
644 3634 814 3703 proAretuiu
825 3632 952 3701 episcopo

157 3729 309 3785 ordinando
320 3747 328 3780 r
341 3740 368 3782 at
381 3727 513 3798 quidquid
530 3727 611 3802 liujus
631 3729 668 3783 rei
684 3729 729 3789 sit,
744 3709 812 3782 n'ilrtt
831 3725 954 3796 itupcdit,

158 3824 302 3893 quominus
315 3833 461 3891 utromque
480 3820 533 3875 iter
553 3819 647 3875 aoussci
668 3819 812 3875 coturnode
829 3820 957 3890 potuerit.

196 3916 240 3972 tt.
256 3915 400 3987 Reliquum
418 3926 471 3981 cst,
488 3922 517 3969 ut
537 3928 647 3970 cuttsattt
663 3911 817 3976 afferamus,
833 3927 881 3968 cur
901 3911 959 3966 luteo

159 4008 282 4081 epistola,
296 4007 468 4063 Theodoreto
480 4016 559 4073 teste,
571 4004 792 4061 Thessalonicam
807 4005 887 4059 missa
902 4004 960 4060 lae·

159 4103 206 4157 rit.
224 4100 258 4156 Ar
270 4101 383 4172 quisquo
396 4099 475 4155 lacile
487 4099 655 4170 diiudicabit,
670 4099 741 4154 illam
757 4097 870 4153 Acholla
883 4097 960 4152 lariti-

161 4192 220 4250 liari
243 4208 293 4247 suo
308 4193 451 4247 Datttasom
466 4190 588 4260 dedisse,
609 4201 638 4246 ut
660 4191 775 4246 Paulino
790 4192 816 4245 in
838 4191 960 4248 horrrano

161 4283 257 4340 itinere
271 4285 358 4355 posito
372 4299 404 4339 ac
419 4299 467 4354 per
480 4301 539 4338 eattt
554 4285 660 4350 urbem,
677 4283 747 4339 uode
767 4283 959 4355 percommodo

161 4389 190 4435 ct
205 4390 295 4448 parata
310 4378 337 4433 ιιι
357 4376 462 4433 ltaliam
479 4379 626 4450 navigatio,
651 4380 848 4449 pertrattsitoto
864 4379 961 4436 redde-

1010 3170 1090 3224 limus
1105 3183 1165 3240 cop.
1182 3170 1215 3224 ld
1237 3181 1265 3225 ει
1286 3172 1329 3225 lb.
1352 3170 1501 3225 Dicendum
1517 3171 1598 3225 mado
1611 3183 1747 3240 superest,
1762 3189 1810 3227 eor

1011 3263 1073 3317 huic
1088 3278 1159 3318 usuro
1182 3273 1209 3318 et
1231 3263 1348 3318 cuttcilia
1373 3262 1535 3330 alligaudatu
1551 3278 1610 3315 catu
1634 3279 1808 3329 censeanttts3

1009 3354 1080 3424 quod
1090 3371 1141 3426 ega
1153 3356 1294 3426 epistolam
1306 3355 1392 3424 ipsunt
1404 3369 1543 3422 exponens
1552 3354 1656 3408 lucilius
1669 3370 1810 3426 assequar.

1010 3445 1133 3500 Laudant
1147 3448 1237 3516 itaque
1253 3448 1334 3514 hujus
1348 3445 1455 3500 concilii
1474 3445 1569 3501 Patres
1592 3447 1719 3518 pietatem
1738 3449 1813 3518 priu-

1009 3540 1111 3610 cipum,
1127 3554 1159 3592 ac
1172 3538 1301 3592 herrestein
1315 3537 1341 3591 iu
1359 3536 1511 3591 Ecclesiam
1528 3538 1740 3609 religionemque
1754 3540 1810 3595 col-

1010 3630 1074 3695 lata,
1093 3641 1173 3701 atque
1189 3629 1254 3683 illud
1271 3645 1325 3698 prae
1341 3628 1449 3683 cacteris
1464 3630 1548 3683 velati
1572 3630 1757 3684 trecessariuru
1776 3631 1809 3685 nd

1010 3722 1230 3793 relittegrattduut
1250 3721 1372 3791 eiusdem
1394 3719 1525 3775 Ecclesiae
1539 3736 1639 3789 corpas
1653 3720 1745 3776 lurore
1760 3722 1810 3777 Ur·

1010 3815 1063 3872 sini
1078 3827 1141 3869 tuuc
1155 3816 1180 3868 iu
1197 3824 1287 3884 partes
1303 3823 1417 3876 sectum,
1433 3826 1486 3880 qao
1505 3811 1645 3866 decretum
1668 3811 1766 3880 luerat,
1783 3824 1810 3867 nt

1011 3926 1040 3966 eo
1050 3911 1107 3981 p'anr
1124 3911 1210 3979 pulso,
1225 3908 1351 3971 sociisque
1366 3906 1397 3959 ab
1417 3908 1472 3977 ejus
1493 3894 1673 3978 corrjuurtt'oue
1692 3908 1809 3975 dionisia,

1011 4005 1160 4073 dereliquit
1172 4002 1340 4058 ecclesiarum
1366 3999 1540 4054 raruaotttus
1565 4000 1699 4071 episcopus
1715 3999 1811 4057 doura-

999 4112 1061 4152 ·uua
1074 4097 1176 4151 liaberet
1200 4111 1319 4160 ruanten,
1332 4102 1358 4146 nt
1377 4095 1409 4146 de
1422 4093 1556 4162 religione,
1579 4093 1711 4165 tuhmouir
1726 4097 1812 4166 ponti·

1013 4195 1057 4263 seu
1071 4208 1129 4248 cunr
1145 4188 1304 4245 consortibus
1319 4187 1450 4259 judicaret
1459 4202 1469 4251 ;
1484 4187 1562 4257 cujas
1576 4189 1628 4244 sub
1650 4190 1727 4245 initio
1740 4190 1812 4246 schi-

1013 4286 1118 4352 stantia,
1132 4285 1187 4340 anti
1202 4302 1216 4337 a
1230 4284 1418 4339 Valetrtiuitttto
1431 4283 1565 4350 rescripti,
1581 4284 1653 4338 trullo
1666 4285 1719 4340 alio
1730 4300 1809 4355 quatu

1013 4377 1064 4433 hoe
1078 4378 1139 4433 loco
1154 4376 1283 4432 memoria
1297 4385 1431 4445 superest.
1446 4377 1501 4430 lloc
1513 4385 1602 4431 tattteu
1614 4377 1725 4443 bonnm,
1738 4380 1810 4448 quod

160 4479 249 4526 retur.
262 4469 329 4525 Corn
344 4477 433 4526 autem
448 4469 628 4543 Hieronymus
646 4486 706 4526 curu
722 4470 833 4526 l‘auliuo
854 4471 914 4541 ipso
929 4487 961 4528 ac
973 4462 1002 4524 D
1014 4474 1176 4544 precipuum
1200 4461 1341 4544 reputant,
1353 4471 1451 4527 ellectu
1475 4473 1605 4527 tracteuus
1620 4476 1740 4529 caruisse
1761 4475 1810 4531 do-

161 4559 314 4630 Epipbouio
335 4561 449 4617 Romam
470 4565 575 4617 uerterit
601 4563 649 4634 (a),
675 4565 783 4634 utrique
805 4565 908 4620 socium
930 4582 961 4623 so

159 4652 283 4724 junxisse
296 4653 391 4710 debuit
409 4656 436 4709 in
452 4654 526 4726 regia
548 4655 626 4718 urbe,
642 4671 695 4725 qao
718 4671 790 4712 nuno
814 4657 907 4728 elapso
930 4672 961 4714 se

161 4747 314 4802 corttulerat
333 4757 394 4818 post
413 4763 505 4804 sacros
519 4749 628 4805 ordines
650 4748 800 4806 Antiochia
822 4763 958 4821 acceptos.

162 4839 345 4911 Epiphaniam
359 4857 439 4911 porra
448 4842 865 4914 Cottstantiuapulituaccessisse
877 4845 962 4916 impc-

161 4935 261 4990 ratoris
276 4934 372 4991 litteris
386 4947 538 5003 evocatum,
555 4949 583 4992 at
600 4937 709 4992 lloutarn
729 4940 876 5011 navigaret,
894 4941 962 4995 scri·

161 5025 204 5084 bit
214 5028 342 5101 Polybius
353 5029 408 5096 ille,
417 5030 459 5084 etti
473 5030 673 5100 papebrochius
685 5031 721 5103 (it)
735 5031 878 5102 Epiphauii
895 5031 961 5089 tttae

161 5128 381 5192 supptementum
405 5123 508 5187 tribuit,
531 5123 608 5193 cujus
630 5139 680 5195 ego
709 5126 865 5181 testimonio
890 5134 959 5192 utor,

161 5230 326 5286 quamquam
341 5217 393 5270 alia
412 5231 523 5286 prorsas
539 5217 693 5282 occasione,
709 5228 790 5289 atque
816 5218 871 5273 alio
895 5228 962 5274 tetu-

160 5320 242 5379 pore,
257 5310 309 5363 hoc
322 5308 357 5365 ab
370 5307 466 5363 eodem
482 5306 632 5377 Epiphanio
651 5309 701 5363 iter
724 5319 881 5380 susceptam
896 5310 963 5364 scti-

160 5399 225 5469 b2t3
252 5403 385 5472 siquidem
407 5417 469 5458 cour
485 5401 513 5456 ιιι
537 5401 570 5456 iis
594 5411 677 5467 erret,
705 5404 756 5458 iter
784 5403 862 5468 illud,
889 5404 963 5474 quod

160 5492 274 5550 aliunde
293 5495 480 5559 confirmator,
503 5495 615 5550 minime
639 5494 826 5566 rejiciendum,
847 5494 896 5550 sed
913 5510 963 5552 suo

202 5613 229 5685 (a
258 5612 342 5682 Epist.
361 5611 421 5679 iil,
437 5628 511 5667 num.
527 5611 555 5678 5,
571 5611 635 5669 Ver.
649 5612 714 5671 edit.

203 5685 229 5758 qb
263 5682 304 5740 Aa
317 5686 388 5740 diem
407 5683 524 5737 teitau.

369 5778 509 5840 Parnon.
534 5777 622 5840 xltt.

1014 4569 1080 4631 lent,
1094 4567 1216 4638 ejusdem
1233 4565 1325 4622 Ursini
1338 4565 1426 4635 calpa.
1443 4564 1491 4620 llic
1506 4564 1578 4619 cuim
1590 4580 1751 4637 quamquam
1767 4583 1812 4624 ex·
1868 4604 1871 4609 -

1013 4670 1053 4717 tra
1068 4660 1268 4717 suburbicarias
1281 4659 1405 4729 regiones
1417 4657 1544 4729 relegatur
1556 4667 1639 4724 essct,
1656 4656 1811 4731 Urbemqos

1014 4754 1143 4811 accedere
1158 4752 1359 4824 prohiberetur,
1375 4767 1421 4820 per
1434 4767 1476 4805 eos
1489 4761 1589 4815 tamen,
1604 4767 1673 4821 quos
1687 4755 1811 4826 sacrilege

1014 4849 1187 4913 ordinarerat,
1205 4847 1310 4916 plebem
1321 4844 1460 4900 sollicitare
1468 4845 1609 4900 certabatur·
1620 4851 1757 4917 contiuua,
1771 4858 1812 4905 at·

1014 4955 1067 5011 qae
1081 4940 1194 5010 populos
1207 4938 1362 5007 impellere,
1376 4949 1404 4991 ut
1423 4953 1437 4990 a
1455 4937 1570 4993 llattrastr
1588 4937 1731 5010 olltcioque
1746 4940 1813 4994 dell·

1015 5041 1118 5089 cerem.
1136 5031 1203 5086 llinc
1216 5046 1279 5086 reto
1294 5029 1393 5085 lactatur
1409 5029 1492 5085 hrisse
1511 5031 1596 5095 aiunt,
1616 5040 1645 5086 ot
1663 5032 1733 5101 aptrd
1748 5046 1813 5084 non·

1014 5126 1099 5182 nrrllor
1112 5126 1177 5181 ulios
1188 5125 1332 5195 episcopos,
1347 5122 1397 5177 boc
1417 5125 1535 5195 pessituo
1554 5124 1680 5193 exemplo.
1696 5121 1812 5193 quadam

1015 5218 1090 5289 quasi
1107 5218 1442 5286 auetoritateeanurotos,
1455 5215 1540 5285 ipsias
1553 5214 1657 5268 llatrrnsi
1666 5212 1810 5281 judicium,

1014 5320 1095 5380 atquc
1110 5310 1256 5364 auctoritas
1271 5308 1345 5363 uallo
1357 5307 1413 5376 jam
1430 5307 1490 5360 luco
1505 5311 1587 5367 esset,
1603 5317 1635 5356 oc
1656 5317 1700 5358 res
1720 5319 1754 5358 eo
1769 5320 1814 5363 rc·

1015 5401 1100 5458 docte
1115 5415 1217 5466 esseut,
1234 5410 1264 5454 at
1286 5399 1333 5470 qui
1353 5400 1395 5452 rel
1419 5413 1447 5452 sc
1470 5397 1612 5451 datrtnatas
1630 5395 1665 5451 ab
1687 5414 1720 5454 eo
1733 5400 1814 5457 lutet.

1015 5496 1148 5560 leserunt,
1160 5493 1201 5550 uel
1214 5493 1311 5549 rtreritn
1324 5491 1465 5554 timebam,
1479 5504 1513 5544 ue
1523 5491 1728 5559 dartanarerrtar,
1742 5479 1814 5565 vulgi

1019 5683 1084 5742 iet.
1095 5686 1161 5741 edit.

1513 5773 1534 5836 '1
