3900 6134
139 241 194 301 sm
532 223 536 231 '
675 235 836 296 nocuum
854 233 1011 296 uniscotn
1029 232 1241 293 catumeum
1750 232 1803 292 sss

140 352 225 422 dieas,
243 352 307 410 bine
339 367 393 409 uon
422 365 485 409 esse
512 347 687 418 eatimiieos,
715 348 788 422 quod
814 348 940 406 Susanna
953 351 1050 413 Aean
1062 346 1802 418 pseiiis5etdimisitpueiias,eteiassitostiasirtdarii:

140 446 223 504 inerit
243 445 383 512 exaudita,
407 459 458 501 nos
483 459 550 501 veru
575 443 699 500 minime.
715 441 854 512 Quantum
871 441 942 514 apud
994 439 1143 496 etnmitad
1157 456 1213 494 eam
1224 441 1385 512 jaeenispei
1402 440 1650 506 erotaiseonditss,
1665 450 1804 497 meane*
1839 490 1846 505 ,

140 548 262 597 nostram
293 540 492 597 conscientiam
528 547 598 607 est,
628 547 693 596 tuno
716 554 767 596 nos
788 537 943 594 uindioatos
994 532 1048 587 isit
1058 520 1116 586 erim
1126 548 1167 588 ea.
1181 531 1239 587 Nos
1249 543 1405 588 autemeam
1415 549 1530 589 essensses
1540 533 1568 588 in
1583 533 1686 608 angulo
1702 533 1803 589 uirida·

138 632 288 702 novimus,
318 631 429 705 quando
463 642 491 688 {u
522 646 638 704 serpens
667 631 822 704 publicatus
847 640 861 669 n
888 644 941 697 es,
992 624 1337 696 rii,oidenteeinigteitatem
1351 626 1513 680 adcurrimus
1527 625 1562 680 ad
1576 626 1803 692 consimilius

137 723 246 796 quando
262 730 409 795 patuerunt
421 731 518 780 cuneta
532 737 638 780 veneria
653 731 710 790 tua,
725 721 836 793 quaudo
851 720 944 777 omnis
993 733 1176 779 concurrentes
1189 734 1201 762 ⁰
1212 740 1267 779 eos.
1282 723 1364 779 itinn
1373 726 1476 794 apsidem
1490 742 1542 781 non
1555 730 1696 795 pessimas
1708 743 1802 796 appre·

138 815 265 872 maobina
279 824 326 872 tua
339 815 475 888 pateiaota
486 824 529 873 est
540 803 599 873 :sio
613 816 717 872 etenim
728 830 780 871 nos
790 814 940 871 vindictam
993 815 1103 871 irendere
1117 817 1186 886 qnod
1196 817 1289 886 portior
1300 816 1373 872 nobis
1384 828 1460 884 esset,
1475 827 1498 872 et
1510 818 1581 890 gnud
1594 820 1722 888 operim
1735 821 1803 876 ostis

138 907 365 966 desiderabamus
386 908 422 965 de
442 909 522 965 robis
544 908 663 964 inimieis
679 908 738 972 Dei,
752 917 783 964 ut
800 922 851 964 vos
870 909 942 964 beus
993 909 1134 980 prostiterit
1149 925 1158 962 :
1173 909 1342 964 truncantem
1359 911 1551 980 apprehensam
1564 913 1802 987 immegauiasss,

138 1013 201 1056 esse
223 1001 370 1057 baereticae
396 1001 532 1057 revelaret
555 1000 657 1071 popuio
674 1014 735 1056 suo.
755 1000 851 1056 Omnis
871 1014 942 1072 pene
992 1001 1050 1070 gnis
1062 1009 1127 1055 esset
1134 1001 1246 1072 jamnia,
1260 1011 1285 1055 et
1296 1002 1381 1058 notuit
1392 1002 1466 1057 nobie
1477 1004 1573 1059 dicere.
1587 1002 1657 1061 ttae
1670 1013 1803 1062 contests·

139 1092 270 1163 eognorit
282 1092 340 1164 iarn
356 1093 475 1148 mundus
489 1091 557 1148 iaise
567 1092 747 1149 Athanasium
762 1094 878 1164 petitum
894 1108 942 1164 per
993 1090 1102 1147 mundi
1109 1092 1219 1148 eredidit
1227 1094 1264 1149 eis
1272 1095 1355 1150 omnis
1368 1111 1501 1169 synagoga
1512 1106 1541 1151 at
1550 1096 1714 1170 presbyteris
1720 1095 1803 1168 piebis

140 1199 201 1252 tos,
218 1185 300 1257 itujus
316 1196 344 1243 te
356 1199 419 1243 etse
432 1184 589 1257 iniquitatis
601 1196 743 1244 auctorem
755 1203 764 1255 ;
777 1197 942 1258 eottspeetus
992 1194 1016 1239 et
1025 1185 1170 1257 jndicibus,
1185 1195 1208 1241 et
1224 1185 1415 1242 damnauerunt
1430 1196 1458 1242 nt
1474 1198 1621 1244 moreretar
1635 1187 1727 1262 (itta.
1739 1188 1800 1262 rt).

138 1277 242 1334 etenim
256 1292 296 1347 es,
312 1278 386 1335 aiiud
403 1288 430 1335 te
444 1280 594 1349 cupienten
615 1279 740 1351 impiere,
756 1280 831 1336 aiiud
846 1288 941 1351 protu-
992 1275 1143 1333 considera
1154 1278 1274 1348 penitus,
1288 1279 1443 1347 Constanti,
1456 1281 1801 1338 maiedietosadinsentio·

138 1371 217 1428 iisse.
230 1372 271 1429 Ad
282 1387 365 1430 senes
379 1361 562 1444 ingemiscens
575 1373 641 1431 nicia
652 1374 776 1432 Somnus
788 1396 795 1433 :
807 1377 942 1448 ,inparem
993 1371 1339 1439 nesvestrasbrianosum,
1355 1371 1378 1428 si
1391 1387 1445 1428 non
1457 1373 1520 1428 taiiu
1532 1381 1599 1429 sunt
1608 1387 1674 1445 quse
1688 1373 1802 1446 egeritis

139 1463 204 1519 mitti
224 1464 348 1535 undique,
366 1466 389 1520 ei
410 1465 478 1521 sirim
495 1466 544 1521 ime
565 1482 649 1538 egero,
663 1482 735 1523 mare
752 1469 816 1523 mini
833 1469 892 1524 arte.
909 1468 941 1525 sa·
992 1475 1041 1527 tus
1058 1462 1165 1518 interim
1181 1463 1255 1519 cirea
1268 1465 1460 1530 Athanasium,
1484 1465 1575 1536 quatis
1590 1475 1619 1522 et
1632 1466 1676 1522 iiii
1693 1466 1803 1538 egerint

138 1567 226 1614 autem
241 1575 293 1612 non
306 1557 401 1628 secero,
414 1575 466 1614 non
480 1557 607 1632 effugium
619 1575 713 1615 monas
722 1571 831 1617 nestrae.
843 1558 941 1617 Metina
991 1552 1238 1610 eiroaSusannam.
1250 1553 1486 1624 Quisetenimnon
1498 1555 1667 1614 credidisset
1680 1558 1730 1614 tibi
1745 1557 1801 1614 im·

138 1660 175 1706 est
190 1649 253 1704 mitti
268 1666 321 1705 non
335 1650 440 1723 facienti
458 1651 574 1707 incidere
585 1653 613 1706 in
628 1667 721 1707 manua
735 1662 846 1719 uestras,
861 1670 940 1724 guam
993 1647 1112 1717 bttttoti
1125 1647 1248 1704 dicentii
1259 1648 1433 1723 Sacrilegum
1447 1651 1507 1722 [ecit
1517 1651 1691 1707 Athanasius.
1703 1649 1760 1707 Sed
1774 1650 1801 1707 its

138 1741 421 1814 peccoseiaeonspeetu
433 1742 537 1798 Domini
545 1741 693 1815 (ittam).
701 1741 756 1799 Etb
768 1758 818 1799 nos
826 1744 939 1800 erimina
955 1747 978 1808 R
993 1737 1094 1810 eoquia
1104 1746 1133 1793 tu
1141 1738 1409 1796 detestabiiioriuisti
1420 1742 1454 1797 ab
1463 1741 1517 1797 iiiis
1524 1741 1710 1810 comperditis
1721 1756 1803 1814 pseu-

141 1842 239 1888 moxut
247 1832 407 1891 vidissemus
415 1835 562 1905 impositae
571 1834 657 1901 uobis,
665 1835 826 1892 exstincturi
835 1850 943 1892 eramus
995 1830 1210 1904 donresbyteris
1222 1833 1270 1888 tibi
1282 1848 1336 1889 nott
1349 1842 1392 1890 esi
1406 1834 1601 1892 iidesboiritaa
1616 1837 1716 1903 tobim
1728 1835 1802 1894 ttae·

140 1922 240 1980 iratres
254 1933 375 1991 nostros,
389 1926 519 1997 quoniam
532 1939 656 1983 esserum
673 1934 702 1982 ut
717 1927 784 1984 estis
797 1941 847 1983 vos
862 1938 942 1984 teue·
995 1923 1076 1980 batur
1086 1925 1190 1980 etenim
1204 1925 1264 1988 tibi,
1280 1927 1344 1995 quia
1355 1926 1457 1983 absens
1477 1926 1604 1983 damnari
1618 1942 1677 1984 nou
1692 1938 1800 2001 posset:

141 2016 208 2075 brae.
228 2016 295 2085 Quis
315 2015 489 2075 Christianus
508 2033 562 2074 nou
582 2018 669 2088 dieat,
688 2019 785 2076 meiius
805 2033 868 2078 esse
889 2020 942 2076 sibi
995 2013 1035 2071 iiii
1046 2015 1148 2072 etenim
1164 2017 1316 2088 presbyteri
1331 2018 1358 2073 in
1376 2025 1537 2087 praesentem
1553 2016 1688 2076 dixerunt
1700 2019 1802 2093 ailega·

141 2108 282 2166 interiieia
296 2119 322 2166 te
336 2125 509 2181 praecursore
520 2111 687 2178 antichristi,
702 2127 782 2184 quam
795 2112 823 2169 in
836 2120 943 2170 uestras
995 2109 1087 2165 tioues
1100 2108 1272 2176 criminosus,
1287 2121 1315 2167 et
1328 2111 1419 2166 omnis
1432 2126 1568 2183 synagoga
1585 2111 1614 2167 in
1628 2123 1801 2183 praesentent

139 2204 181 2260 ise
196 2205 359 2260 Asianorum
376 2204 420 2260 uei
434 2205 622 2275 quorumlibet
644 2205 837 2264 baereticorum
864 2215 943 2263 tene·
995 2201 1070 2258 dedit
1083 2203 1258 2270 senientiam}
1274 2213 1302 2258 tu
1312 2214 1407 2259 numm
1422 2204 1457 2259 iil
1469 2206 1677 2263 tetimfittnem
1693 2208 1803 2264 [133Μί-

83 2307 88 2313 ·
142 2295 225 2351 beant
238 2292 352 2367 impingi
367 2296 456 2354 iecisti
469 2296 587 2354 erimina
607 2314 661 2354 non
676 2299 765 2355 soium
780 2299 942 2370 titbonasio,
995 2310 1089 2352 eorum
1104 2296 1213 2369 quando
1224 2296 1374 2354 inmutiitum
1386 2298 1564 2356 etabsentem
1574 2299 1705 2357 damnari
1722 2316 1804 2374 eoge-

143 2387 194 2444 eeu
220 2398 249 2443 ee
277 2387 369 2455 nouis,
397 2388 469 2458 quoa
501 2390 672 2447 uetuerimne
697 2392 845 2449 ctntsmnt
872 2392 943 2449 emet
996 2386 1494 2462 uaseatnnteun,nrtnnepnnunt
1506 2402 1632 2464 ceperat
1645 2405 1805 2453 semesae

144 2480 250 2536 Ariani.
273 2479 333 2536 iion
358 2479 503 2538 defuerunt
522 2482 630 2554 singuia
644 2498 706 2555 qum
726 2495 839 2554 possum
860 2484 942 2556 objici
997 2481 1132 2537 nraeirina.
1144 2481 1198 2538 Sed
1207 2483 1263 2554 jam
1274 2480 1369 2555 adeipe
1379 2484 1445 2556 quid
1458 2487 1611 2556 prestitum
1619 2487 1656 2544 sit
1668 2487 1804 2548 Susanna

143 2572 259 2628 erimina
271 2572 399 2644 singuiis,
412 2587 467 2644 guo
481 2573 571 2631 tsuiius
587 2574 729 2632 uideretur
741 2591 757 2633 e
771 2577 849 2634 uobis
864 2591 944 2648 prop·
996 2571 1102 2644 pudica
1123 2573 1157 2628 ab
1177 2575 1364 2631 innocentium
1379 2574 1538 2643 detonsum,
1552 2576 1588 2633 ab
1602 2593 1802 2648 oppressorum

144 2662 282 2720 terbeum
297 2666 398 2722 missus
413 2666 447 2722 ad
461 2666 571 2735 essiiia,
584 2667 632 2724 sed
648 2668 721 2740 quod
736 2669 813 2741 quasi
828 2684 878 2740 pru
891 2671 944 2725 eri·
996 2662 1115 2721 vindice.
1132 2664 1232 2735 deripe
1247 2682 1308 2734 utta
1321 2665 1425 2724 reierat
1440 2668 1535 2724 baniei
1549 2668 1620 2725 iiber
1631 2670 1670 2726 de
1683 2670 1803 2730 vindicta

146 2758 266 2814 minibus
281 2759 395 2816 nostris.
411 2757 480 2815 Cum
501 2760 562 2816 sitis
579 2761 663 2831 igitur
681 2776 729 2816 tos
746 2762 786 2818 rei
807 2772 943 2820 tantorum
996 2756 1139 2815 Susanna.
1157 2757 1319 2815 Esaiamauit
1338 2770 1425 2815 antem
1444 2760 1568 2818 Susanna
1583 2777 1647 2820 soce
1660 2781 1759 2840 magne
1778 2773 1804 2822 et

143 2851 291 2907 eriminum
309 2852 373 2924 quia
394 2867 449 2908 riou
470 2852 612 2909 nobiseum
628 2852 729 2910 babere
744 2854 829 2910 iieum
846 2857 943 2912 iratum
996 2851 1062 2907 ateis
1074 2868 1084 2906 ··
1096 2849 1168 2908 Dens
1188 2863 1311 2919 aternus,
1330 2855 1374 2924 qni
1388 2853 1553 2910 occultorum
1572 2858 1696 2929 connitor
1708 2875 1747 2926 es,
1760 2861 1803 2930 oss·

145 2944 453 3012 mriueritbtbanasius,
467 2944 577 3003 dixistis
591 2961 653 3002 eum
668 2962 746 3003 reum
758 2961 820 3004 esse
830 2948 943 3005 mustis:
995 2943 1046 2998 teis
1059 2944 1147 2998 omnio
1162 2954 1225 2999 onte
1239 2946 1430 3018 penetrationem
1446 2961 1546 3013 eornm,
1562 2957 1592 3002 te
1611 2949 1665 3005 seis
1681 2951 1803 3024 passim

146 3037 200 3093 boe
212 3036 337 3094 iecerunt
351 3045 380 3093 et
391 3037 432 3093 iiii
444 3038 544 3110 quibus
558 3039 584 3093 in
599 3037 652 3094 ime
665 3039 772 3096 sceiere
787 3041 945 3111 paresentis
996 3038 1093 3110 [abnam
1114 3039 1290 3094 testimoninm
1313 3039 1450 3096 adeersum
1471 3056 1513 3096 me
1535 3040 1680 3109 dixeram·
1701 3053 1728 3098 et
1746 3060 1804 3101 eece

144 3132 309 3203 presbytori.
326 3131 461 3199 bannitur
474 3132 547 3188 enim
561 3132 698 3203 seriptum
710 3132 823 3190 diceus:
838 3132 873 3189 Et
888 3136 981 3206 [ae-(2
996 3131 1093 3186 morior
1107 3147 1165 3200 gea
1179 3132 1245 3186 nimi
1262 3133 1312 3203 [eei
1331 3132 1442 3198 boram,
1461 3147 1520 3203 gnae
1539 3131 1568 3186 tn·
1589 3132 1703 3207 maligni
1721 3136 1804 3205 finae-

144 3235 200 3281 tam
215 3227 294 3282 estin
309 3225 352 3281 die
365 3227 460 3293 oitero,
476 3235 504 3281 m
524 3226 641 3281 conuenit
655 3226 726 3298 pieds
739 3227 774 3281 od
788 3227 871 3282 tirum
890 3230 947 3302 ejus
998 3233 1060 3280 sunt
1075 3223 1211 3279 aduersam
1231 3239 1280 3279 me.
1295 3221 1331 3277 Et
1347 3224 1479 3280 eaasdioit
1494 3222 1566 3279 Dens
1579 3240 1669 3280 oseem
1682 3228 1753 3300 ejas.
1768 3226 1803 3283 Et

143 3319 275 3386 totamm,
291 3330 416 3373 venerant
434 3319 485 3373 duo
500 3317 643 3390 presbyteri
658 3319 729 3391 pieni
741 3319 839 3391 iniguoe
853 3322 947 3376 mentia
998 3331 1059 3370 tttm
1071 3317 1208 3370 doceretur
1220 3325 1248 3371 att
1262 3317 1368 3387 periret,
1381 3314 1579 3373 emitouitDens
1595 3318 1719 3390 spiritam
1729 3336 1804 3375 tese-

143 3410 267 3466 adoersss
287 3409 448 3475 Susannam,
464 3419 492 3465 set
509 3422 520 3451 ε
537 3411 723 3482 errartificarent
742 3429 800 3468 eam
812 3429 820 3468 :
834 3422 858 3469 et
872 3414 947 3470 dine·
999 3415 1055 3462 itm
1070 3409 1144 3476 paeri
1160 3407 1342 3474 adoieteentis‚
1359 3409 1507 3464 cainonem
1524 3420 1579 3464 etti
1599 3411 1708 3480 liuttici,
1721 3425 1746 3468 et
1760 3429 1805 3468 ea·

145 3517 208 3560 rant
220 3520 308 3559 comm
324 3501 418 3575 piade:
434 3502 532 3560 iiittite
546 3505 580 3558 ad
596 3503 748 3560 Susannam
764 3505 848 3577 piiam
870 3506 948 3563 ciret-
999 3501 1118 3554 titttttttt't
1134 3516 1193 3555 tots
1215 3517 1309 3573 tttogutt
1324 3517 1333 3555 .·
1349 3498 1467 3555 bontas
1481 3517 1528 3574 ego
1539 3514 1556 3555 a
1569 3504 1700 3574 sanguine
1713 3504 1803 3579 bajas.

74 3600 77 3604 ’
145 3595 243 3662 aniana,
258 3610 317 3663 qnae
332 3605 370 3649 est
393 3611 461 3650 neor
477 3594 610 3652 doaetrina.
625 3595 661 3653 Ει
684 3599 822 3667 miseram,
837 3609 861 3654 m
881 3600 949 3654 venir
999 3591 1034 3646 Et
1049 3605 1216 3647 conuersaest
1227 3593 1310 3647 omnis
1323 3591 1396 3665 pleis
1408 3593 1443 3647 ad
1456 3609 1526 3662 eum,
1539 3604 1564 3648 et
1575 3595 1722 3652 dixerunt:
1738 3597 1804 3665 Qsis

143 3687 211 3760 ipso,
227 3697 251 3742 ei
265 3697 384 3759 parentes
393 3690 469 3762 Jejtas,
485 3699 510 3742 et
524 3690 733 3763 omnmanynnti
743 3693 811 3762 ejus,
824 3690 946 3747 Susanna
997 3694 1035 3738 eti
1045 3686 1092 3739 itia
1105 3700 1189 3740 termo
1199 3701 1274 3752 ottem
1285 3693 1312 3738 tet
1321 3685 1421 3739 locuitts
1433 3685 1481 3739 es?
1491 3686 1525 3739 At
1539 3685 1585 3741 tile
1596 3696 1670 3743 stane
1680 3687 1708 3743 itt
1719 3689 1803 3744 Μία

59 3781 65 3790 “
143 3789 231 3836 antem
241 3790 296 3837 arat
307 3794 394 3836 tenero
404 3781 513 3836 nimium
522 3783 628 3837 etiams
637 3786 729 3854 poturae
739 3798 748 3838 .·
758 3783 850 3850 iniusti
860 3794 945 3840 autem
997 3791 1085 3830 eoram
1103 3773 1182 3843 585⁶,
1199 3777 1272 3829 ’ΨΜ
1285 3772 1380 3841 litati,
1395 3791 1447 3829 non
1459 3775 1650 3849 interropantes
1664 3793 1747 3848 ”tw
1759 3794 1804 3834 Μ·

139 3879 276 3949 jusserunt
290 3875 402 3931 senatori
415 3891 471 3930 eom
484 3876 551 3948 (etot
565 3877 633 3930 enim
647 3875 744 3949 ueioto)
758 3886 785 3931 ut
799 3886 946 3932 saturaren-
996 3885 1055 3924 ttm
1070 3879 1251 3941 cogitassentes
1273 3869 1416 3924 dnntnostis
1436 3869 1521 3939 fiiiom
1541 3867 1649 3926 israel?
1667 3869 1760 3927 Redite
1776 3872 1804 3927 in

144 3978 186 4023 tur
199 3972 285 4040 [ormo
299 3971 366 4040 ejas.
380 3966 489 4023 timum
504 3979 590 4031 autem
604 3984 692 4023 omnes
710 3971 766 4042 ejus
781 3966 807 4035 i,
821 3978 845 4023 et
859 3970 946 4024 coeteri
992 3963 1141 4036 judicium,
1170 3963 1267 4032 suisium
1293 3964 1359 4015 enim
1383 3960 1559 4015 testimonium
1581 3962 1722 4017 adeersum
1747 3978 1802 4018 eam

144 4063 189 4132 gui
203 4060 323 4116 addebant
338 4073 405 4117 eant.
427 4063 599 4132 deturpentes
623 4062 704 4130 igitar
725 4061 778 4115 duo
801 4059 946 4133 presbyteri
997 4055 1119 4109 dixeram
1131 4052 1212 4126 (ibid.
1225 4051 1285 4124 ts).
1297 4053 1343 4109 Sic
1354 4054 1435 4110 etiam
1447 4068 1520 4109 nime
1533 4052 1804 4111 exstimanteiisba·

143 4154 171 4209 in
195 4152 279 4207 medio
302 4152 375 4223 pieie
399 4163 540 4225 posunerunt
559 4169 651 4209 mantes
671 4169 752 4225 saper
772 4164 849 4222 eaput
869 4156 945 4222 eius:
998 4154 1076 4209 nasio
1100 4150 1134 4206 ad
1151 4152 1254 4218 beum,
1280 4165 1378 4207 omues
1402 4148 1520 4205 iamuios
1548 4163 1615 4205 suos
1642 4149 1717 4207 iieus
1740 4147 1804 4206 ieeit

144 4247 203 4319 ipso
215 4255 300 4302 ostem
315 4246 464 4318 lacrymans
481 4249 584 4315 aspexit
595 4247 622 4301 in
637 4244 740 4313 caium,
755 4247 878 4318 paeoniam
891 4257 947 4312 egat
999 4259 1050 4316 pro
1063 4245 1180 4301 veritate
1195 4258 1342 4315 exsurgere
1357 4253 1452 4298 eontra
1467 4255 1517 4297 sos
1536 4239 1714 4298 adversarios
1727 4256 1803 4297 suos.

144 4353 190 4394 eos
203 4339 261 4409 ejus
273 4339 406 4409 confidem
419 4338 447 4393 in
461 4337 586 4393 Domino.
598 4336 729 4394 Dixeritne
743 4348 828 4394 autem
840 4337 948 4410 presig-
998 4337 1063 4394 iiaee
1077 4336 1229 4393 editoribus
1246 4336 1304 4393 suis
1320 4335 1459 4407 praestitit,
1473 4349 1534 4407 qua
1553 4345 1619 4390 tuno
1632 4333 1740 4391 banieii
1757 4333 1805 4391 de·

146 4433 193 4487 teri
203 4448 213 4487 .·
223 4430 421 4487 Aminiuntiinss
433 4432 506 4487 notis
519 4430 547 4485 in
559 4430 686 4486 viridario
703 4431 766 4489 satia
779 4431 883 4487 intrauit
893 4434 948 4488 inae
973 4496 979 4513 Ι
999 4431 1142 4488 tutissimo
1154 4444 1214 4495 suo,
1229 4442 1284 4500 quo
1298 4443 1443 4499 possemus
1457 4438 1484 4483 te
1503 4425 1602 4482 iaisum
1622 4441 1687 4484 esse
1707 4435 1804 4484 testem

145 4583 199 4623 aon
212 4569 317 4638 egeris,
336 4569 387 4621 'om
398 4583 450 4621 non
459 4583 486 4621 es
496 4566 621 4634 Arianae,
633 4582 679 4622 nee
693 4565 761 4638 {aisn
774 4565 945 4622 Athanasium
960 4567 1090 4636 Dodeate
1100 4575 1185 4620 ostem
1200 4571 1305 4633 propter
1326 4562 1425 4617 itineris
1445 4561 1660 4634 longinquitatem
1683 4579 1736 4619 nan
1754 4579 1803 4634 po·

145 4640 284 4692 accusasti.
296 4637 326 4693 Τι
343 4678 349 4692 .
365 4638 391 4693 ia
405 4635 506 4701 Cerda,
519 4647 547 4693 et
560 4637 677 4694 Gaiand.
999 4639 1083 4692 tuit...
1101 4635 1178 4703 Quod
1190 4638 1212 4689 ei
1221 4632 1255 4687 de
1267 4633 1374 4696 obditis,
1390 4634 1514 4703 objiciens
1541 4635 1678 4705 imiteris,
1701 4650 1804 4703 oegssss

183 4707 279 4763 *Tota
311 4709 520 4763 biedioiaueusis
550 4707 731 4764 cunetttabuit
758 4707 884 4762 maehina
913 4722 947 4764 eo
999 4717 1037 4762 eet
1052 4717 1077 4762 te
1089 4722 1190 4778 putoque
1203 4705 1252 4760 iiia
1263 4704 1375 4769 credere,
1387 4703 1638 4776 qnmdieitipsessi
1651 4715 1741 4759 aeteae
1753 4720 1805 4759 aas

146 4786 410 4843 conterraneum
427 4779 593 4833 Athanasius
609 4778 643 4835 ub
663 4778 808 4848 Episcopis
831 4779 950 4835 eatboii·
1000 4777 1085 4833 eredis
1095 4777 1145 4836 iiii.
1162 4776 1244 4831 eredis
1255 4793 1314 4831 uero
1329 4776 1396 4834 istis.
1420 4776 1506 4847 potine
1530 4774 1651 4829 uidentur
1664 4776 1708 4831 isti
1722 4778 1752 4830 in
1767 4776 1805 4830 nsi

145 4852 196 4916 cis,
219 4851 375 4919 prasertim
395 4847 614 4904 oeeidentaiibus
639 4849 839 4916 dasnnaretur,
866 4852 949 4906 seiuti
1002 4849 1185 4921 gratiomtaiio
1197 4848 1293 4914 dicere,
1312 4859 1336 4900 et
1349 4847 1381 4901 ob
1394 4861 1450 4900 eam
1477 4846 1651 4901 dibostosinnt
1667 4861 1802 4901 aeemare.

146 4922 290 4978 eriminum
307 4934 381 4981 reus,
392 4934 452 4991 ottae
472 4920 499 4975 in
512 4919 587 4976 iiium
600 4919 721 4975 haretici
738 4922 819 4976 toties
833 4921 950 4978 eiiinxe·
1005 4921 1069 4976 iiaee
1083 4936 1144 4975 cum
1160 4921 1211 4974 sibi
1226 4932 1318 4974 coram
1341 4917 1414 4972 dieta
1439 4916 1591 4986 imperator
1619 4915 1739 4974 erudisset
1757 4958 1765 4982 ,
1780 4927 1805 4972 et

146 5004 208 5050 mm
223 5001 271 5058 ;nt
284 4990 346 5045 inde
359 4990 464 5045 attane
480 4992 620 5063 impietati,
649 4995 726 5066 cujas
746 5001 801 5046 erat
825 5001 953 5064 patronus
1006 5007 1080 5046 maen
1094 5000 1225 5074 reputaret
1238 4989 1421 5044 euntemeiiom
1435 5027 1443 5051 ,
1457 4990 1520 5042 iitos
1535 4986 1614 5061 ejecit
1629 4987 1657 5041 in
1668 4989 1801 5044 essiiisnt.

146 5063 345 5128 Gotrstarstius,
367 5064 479 5132 speeiem
511 5063 627 5134 aiipaom
660 5063 836 5130 conciliaret,·
865 5063 952 5133 inquit
1004 5063 1105 5118 titbau.
1121 5061 1188 5118 mia.
1206 5072 1234 5116 et
1249 5060 1302 5116 bue
1315 5067 1450 5130 spectant,
1466 5073 1529 5130 onte
1553 5059 1606 5113 boe
1620 5059 1646 5112 in
1674 5058 1804 5115 tonsta-

146 5136 312 5193 athanasius
324 5135 416 5203 ipsein
427 5133 509 5203 epist.
520 5135 554 5189 ad
568 5134 682 5190 soiitar.
696 5133 847 5204 Episcopus
859 5134 952 5203 itaque
1004 5133 1073 5190 eiier
1085 5134 1174 5188 innuit
1190 5174 1197 5198 ‚
1212 5144 1239 5187 et
1252 5147 1312 5197 oum
1329 5130 1411 5201 partio
1425 5131 1568 5199 superius,
1583 5143 1644 5199 qna
1655 5139 1683 5184 ts
1697 5145 1805 5201 eamps-

146 5207 298 5279 imperator
311 5206 436 5272 urgebat,
448 5216 477 5258 ut
491 5206 517 5258 in
530 5204 710 5260 ‚itimnasium
721 5204 951 5260 suisseribesent:
1005 5205 1034 5259 iit
1044 5206 1112 5258 ratio
1126 5203 1184 5273 fieri
1209 5212 1297 5257 testem
1311 5200 1432 5274 fuissem?
1453 5198 1589 5271 usquead
1605 5197 1681 5255 ituue
1701 5200 1803 5258 iesum.

146 5276 391 5335 Gomnsinoittmdtts
412 5274 555 5346 strinpeiot
580 5275 696 5346 giudinm
725 5284 816 5330 contra
837 5272 909 5339 ilios,
928 5285 953 5331 et
1039 5272 1116 5329 bPer
1131 5275 1244 5330 ironiam
1259 5272 1342 5330 ditia.

147 5348 274 5417 quosdam
284 5348 395 5418 obripie
415 5356 554 5419 conspeetu
563 5346 683 5419 jubebat.
697 5343 794 5400 Videas
801 5358 887 5400 omem
899 5345 953 5401 La·
1042 5355 1053 5384 ⁸
1067 5345 1096 5400 id
1107 5354 1169 5411 est,
1186 5356 1214 5402 m
1226 5361 1283 5400 enm
1297 5345 1374 5399 morti
1387 5342 1535 5398 traderent:
1553 5340 1594 5396 sie
1607 5349 1708 5409 antes;
1732 5341 1806 5399 unde

146 5421 234 5494 eiseei,
264 5419 384 5484 Emetii,
413 5428 437 5474 et
466 5419 586 5488 iiionpsii
617 5416 807 5486 diseopornm
830 5429 953 5473 eonston·
1004 5417 1087 5472 etiam
1103 5418 1286 5486 participium,
1299 5431 1354 5487 ono
1367 5418 1451 5470 utitur
1464 5411 1597 5468 interius:
1609 5414 1700 5479 iacent
1709 5427 1805 5468 senous

147 5496 259 5548 tiam...
275 5506 353 5546 esser·
371 5507 416 5546 ena
426 5491 618 5562 iiieeonfestim
649 5490 722 5544 teti:
743 5487 801 5561 Ego
820 5505 888 5543 usne
908 5505 954 5544 ne·
1007 5499 1092 5543 nestro
1107 5487 1200 5542 uirtute
1213 5485 1262 5543 iiei
1274 5487 1441 5557 mortificata,
1454 5483 1482 5541 iu
1496 5493 1538 5540 est
1554 5524 1562 5551 ,
1577 5492 1701 5554 mortua,
1715 5499 1805 5552 sana,

108 5612 111 5618 .
147 5570 251 5618 assatos
267 5578 326 5617 sem
345 5509 503 5625 generasti,
531 5573 637 5633 propter
654 5561 804 5615 nteeredite
824 5559 877 5622 iis,
894 5575 953 5631 qttoe
1006 5569 1030 5615 et
1046 5559 1145 5614 inania.
1157 5558 1211 5614 bit.
1225 5569 1253 5613 et
1269 5557 1295 5613 ia
1306 5558 1403 5615 Certis.

148 5632 237 5687 dieunt
260 5634 362 5688 Ariani.
379 5630 440 5688 iiiis
460 5643 548 5688 antem
563 5631 797 5703 respondentibus:
817 5630 953 5697 Quomodo
1041 5628 1163 5691 “Sabat
1180 5630 1310 5698 iegitssei.
1408 5690 1411 5700 ,
1444 5688 1447 5693 ,
1666 5690 1669 5695 ,
1777 5690 1782 5701 ⁸

150 5712 287 5763 mertsotor
309 5718 364 5758 esse
382 5714 456 5773 potes
476 5702 589 5777 absentis
607 5703 668 5771 reii
686 5703 709 5758 si
725 5703 792 5773 enim
807 5710 953 5776 ¹aeettsotor
1044 5698 1355 5757 concremantem
1378 5697 1415 5755 et
1428 5683 1565 5757 Giaedoei
1588 5695 1671 5770 ittig.
1698 5694 1744 5756 esi
1757 5698 1807 5753 d*

150 5767 314 5837 &deitatem
331 5784 417 5828 ostem
439 5786 510 5842 rens,
529 5774 662 5844 indicium
678 5761 780 5829 naiton
801 5774 956 5830 eneeeemrr
1006 5774 1123 5829 tenuitur
1135 5766 1294 5827 Gainuditis.
