3900 6134
144 234 211 294 ihil
429 231 477 293 DE
495 233 565 294 hort
585 231 772 295 rencsutttt
791 233 825 293 itt
847 233 941 296 DEUM
963 232 1268 309 usttuouurt'rtutts
1288 237 1391 296 {ABER
1410 234 1512 300 tttttts.
1627 273 1629 278 ·
1724 245 1794 306 10⁰2

142 351 197 407 tari
212 350 239 406 ia
255 364 341 423 regne
355 350 487 409 collocati
502 350 629 421 homini,
645 366 700 423 qno
714 353 863 410 advertere
877 368 941 425 pos·
957 364 981 423 Α
997 354 1094 411 heatus
1109 353 1143 410 dc
1158 353 1309 411 collectisb
1324 356 1379 411 tuis
1392 355 1492 412 dixerit
1511 355 1710 417 Cretensibus:
1732 364 1795 420 Cre·

141 455 189 500 aes
201 443 260 500 hac
275 448 368 500 amnia
381 446 577 503 annectimus:
593 446 659 504 item
673 447 707 502 ad
721 446 774 503 hec
787 447 945 503 urtiversam
997 458 1080 503 tenses
1100 464 1200 521 semper
1219 449 1371 516 mendaces,
1395 448 1471 505 nealoe
1490 451 1594 518 hestia,
1612 463 1711 511 centres
1729 458 1796 532 pipri

142 536 345 594 revelationem
368 536 465 594 censui
482 538 695 611 applicandam,
716 554 769 612 quo
792 550 820 595 ιιι
840 539 946 596 tibimet
998 537 1073 611 (Tit.
1089 554 1116 606 t,
1131 540 1165 594 li
1178 536 1199 611 ).
1217 540 1249 595 Ει
1270 540 1341 595 inira
1357 559 1363 595 :
1386 541 1559 608 Quamobrem
1576 554 1588 583 ⁰
1608 545 1717 615 increpa
1736 548 1797 603 illas

142 637 172 686 et
185 630 283 686 sreltetn
299 629 396 703 legens
410 632 572 689 satisfacere
591 646 706 703 posses,
719 632 792 703 quod
808 633 880 689 enirn
897 647 947 690 ros
995 631 1200 696 catemariam
1210 631 1293 687 sintin
1306 632 1375 703 fide,
1390 650 1441 688 nore
1454 635 1614 692 intendentes
1623 635 1770 713 tutatast
1785 671 1796 682 -

143 724 253 796 tyranni
271 732 468 794 persecutores
482 724 530 781 liei
555 724 698 798 religionis
716 726 813 784 hestia
836 727 947 783 fueritis
997 721 1100 778 ialiret
1113 721 1427 781 ereeaaacttrdtomiaam
1439 731 1615 785 ceurentium
1626 748 1679 788 rea
1691 734 1799 791 ueritate

143 815 354 888 dicti;cupiens
367 819 470 875 etenim
481 833 542 876 sum
553 835 598 877 me
611 834 728 893 purgare
738 821 809 893 apud
821 832 894 878 tuam
906 822 948 879 in·
996 814 1088 889 (itte.
1102 815 1167 889 lie).
1183 817 1253 874 lline
1267 819 1313 876 tihi
1330 821 1451 892 episcopi
1466 837 1563 881 sumus
1575 825 1719 897 iniuriosi,
1734 830 1798 900 quia

143 909 244 968 lectam
256 910 371 968 venenis
384 913 481 969 Ariani
493 911 859 984 dogmatisconscientiam,
877 915 947 988 apud
997 911 1213 982 numeraremus
1228 922 1310 984 atque
1329 913 1523 987 ‘’billiifflusr
1544 934 1594 976 θυι
1611 920 1696 979 fuerit
1716 939 1798 982 tutus

144 1014 171 1061 te
184 1021 237 1060 non
251 1005 431 1076 religiosam,
445 1006 494 1063 sed
506 1006 652 1079 religionis
664 1009 877 1078 destructorem,
891 1025 946 1065 non
997 1016 1123 1062 avertere
1137 1015 1222 1063 temet
1234 1023 1250 1062 a
1263 1008 1391 1076 veritate,
1400 1026 1450 1065 ctu
1463 1011 1586 1067 volueris
1599 1014 1646 1070 lici
1661 1016 1800 1075 ntandatis

142 1113 187 1155 me
208 1107 239 1154 ut
259 1100 361 1157 astruis
381 1114 445 1158 esse
463 1102 714 1171 contumeliosum,
736 1103 800 1175 quia
815 1103 904 1160 dicam
921 1113 948 1159 te
998 1099 1138 1158 derelictis
1152 1101 1295 1158 bantinum
1311 1103 1418 1160 haerere
1433 1104 1612 1176 blasphemiis
1626 1118 1707 1182 atque
1723 1128 1801 1167 man-

141 1194 229 1255 terreo
244 1198 381 1267 bestiam,
396 1200 440 1257 vel
454 1201 601 1258 immanem
617 1201 757 1271 hettaara,
775 1219 837 1260 eum
853 1203 948 1261 videns
998 1196 1079 1263 dalis.
1095 1212 1143 1253 cut
1156 1196 1275 1270 deniqne
1289 1199 1422 1255 derelicto
1436 1199 1494 1258 lieo
1508 1201 1691 1259 idololatriam
1707 1221 1802 1264 susee-

142 1290 185 1349 slc
199 1308 250 1346 vas
266 1293 399 1359 vocitari,
413 1296 490 1364 juata
507 1294 577 1351 iacta
589 1305 678 1374 vestra
699 1297 778 1353 vohis
796 1298 879 1354 etiam
900 1315 949 1356 no·
998 1289 1082 1359 peris.
1103 1289 1173 1345 Ηῑιιθ
1188 1298 1250 1345 ¹⁰⁰⁸
1264 1290 1313 1346 tihi
1333 1291 1461 1348 inimicus
1478 1308 1539 1350 essu
1553 1295 1659 1362 videor,
1675 1300 1739 1370 quia
1754 1315 1802 1357 uc-

142 1385 217 1443 mina
229 1387 375 1456 applicata.
392 1385 528 1446 Caeterum
543 1401 649 1462 quarte
664 1389 737 1447 illius
748 1390 843 1448 hestia
859 1401 885 1449 tc
899 1408 948 1465 qe·
998 1380 1045 1436 ¹¹¹¹!
1061 1390 1086 1437 ¹0
1099 1382 1173 1452 isidi
1190 1382 1341 1439 secundum
1357 1385 1473 1453 ²l¹⁰⁸¹⁰¹³
1489 1397 1674 1457 praeceptam,
1697 1400 1724 1447 0¹
1746 1407 1801 1447 ¹¹0n

142 1480 946 1558 reresimiiitudinem,tchaccimplereessceupicntem‚
999 1478 1303 1551 secundarasrtiatqae
1318 1479 1476 1535 talearum
1489 1481 1737 1541 marrdata.Cnntra
1751 1486 1802 1544 has
1880 1475 1883 1480 ’

143 1587 204 1645 qua
217 1573 263 1629 itta
279 1574 441 1645 predictam
457 1576 587 1647 estquod
608 1585 683 1633 esset
704 1577 867 1649 impletura,
889 1594 949 1633 ma·
1000 1573 1575 1646 nostrasjustissimosallegationesridens
1589 1579 1744 1636 teneritate
1755 1596 1802 1636 su·

144 1665 275 1722 niiestum
290 1677 343 1723 est.
360 1667 499 1739 Scriptum
515 1680 557 1725 est
571 1668 606 1727 de
619 1669 798 1733 antichristo.
813 1673 856 1727 eui
872 1680 899 1726 tu
912 1671 950 1742 si·¹
1001 1664 1224 1734 uetaluntdicete
1234 1666 1386 1724 essottms:
1399 1667 1490 1723 Sacra
1500 1669 1637 1740 scriptura
1647 1673 1802 1745 precipitem

144 1757 268 1829 milaris,
282 1769 330 1815 aut
346 1761 405 1831 ipse
418 1777 481 1819 esse
492 1762 626 1833 jtrdicaris
640 1779 646 1817 ι
668 1761 749 1818 Verba
761 1762 889 1819 aduersus
902 1763 948 1818 ell-
962 1750 987 1812 B
999 1758 1102 1827 reptem
1111 1767 1135 1814 et
1143 1761 1802 1835 emaihasdepcatihttaa'nsublimitatedehereteerse

145 1849 275 1906 tissimum
290 1861 302 1890 ι
319 1851 427 1910 Domini
447 1855 583 1924 loquetur,
599 1864 623 1909 et
636 1865 739 1910 sanctor
757 1854 880 1910 altissimi
898 1853 949 1909 uer·
999 1848 1152 1918 tlidfilmi
1168 1862 1190 1906 0¹
1204 1853 1284 1908 “lidii
1299 1863 1371 1920 tanta
1383 1871 1413 1910 ‘¹⁶
1428 1856 1490 1910 '⁰¹5⁰
1504 1856 1569 1911 mihi
1581 1857 1708 1930 inserere,
1724 1859 1804 1916 Ιιιιθί·

144 1943 311 2013 inveterabit,
325 1954 350 1999 et
361 1948 517 2021 ccropimiit
530 1957 630 2001 mertare
644 1957 760 2018 teretpora
772 1956 796 2001 et
810 1947 908 2021 tepent,
923 1955 948 2000 et
999 1941 1062 2014 feri
1076 1942 1139 2001 llaec
1151 1947 1307 2016 conspicis,
1323 1947 1480 2018 hujusmodi
1494 1963 1554 2020 quae
1568 1958 1594 2005 tc
1605 1949 1704 2020 iuhcnt
1717 1952 1804 2008 leono-

144 2036 287 2094 dahitarin
298 2039 730 2114 aeanaejaswan.rtt,25).llaec
745 2050 773 2096 tu
786 2039 843 2110 jam
859 2040 948 2096 iecisti
999 2036 1054 2091 rari
1067 2035 1217 2111 intelligis3
1233 2053 1293 2109 quae
1308 2054 1373 2095 vero
1387 2050 1414 2096 te
1424 2039 1523 2112 jubeat
1537 2039 1648 2109 iacere,
1663 2042 1709 2098 illa
1724 2043 1804 2116 lingis

145 2136 226 2201 atque
246 2145 278 2186 cs
299 2131 412 2187 iaciens.
436 2130 505 2188 Cum
526 2133 601 2188 enim
623 2132 711 2188 dicis:
734 2131 795 2187 Noa
818 2141 856 2186 ert
876 2147 970 2201 emar,
999 2143 1055 2183 non
1076 2144 1175 2197 nosse,
1197 2129 1241 2184 illa
1261 2146 1321 2201 quse
1342 2139 1369 2187 te
1390 2141 1500 2188 ntotreat
1520 2131 1651 2190 Dominus
1672 2134 1804 2191 sacerde-

144 2219 216 2277 Dear
236 2219 325 2277 Filiae
342 2220 409 2289 det,
430 2223 476 2279 sed
493 2226 578 2293 [octar
591 2233 629 2280 est
644 2240 676 2279 ec
696 2221 794 2292 aidila,
808 2223 890 2292 verba
909 2224 948 2278 lo
1000 2220 1073 2277 tibus
1085 2222 1215 2290 obedire,
1230 2222 1274 2278 illa
1287 2238 1348 2294 qaae
1360 2234 1476 2294 urgeant
1489 2240 1573 2280 utrum
1587 2235 1613 2281 te
1624 2227 1757 2284 exhihere
1769 2243 1804 2284 ex

145 2313 240 2384 queris
252 2313 385 2370 adversus
399 2314 495 2371 licum.
511 2315 660 2372 Christiani
675 2314 777 2371 etenim
792 2330 855 2371 cum
868 2330 948 2370 unam
999 2315 1129 2371 omnihus
1142 2315 1286 2372 conservis
1300 2316 1354 2372 tuis
1368 2327 1511 2388 oportere,
1527 2331 1578 2372 nee
1591 2318 1716 2389 cuiqnam
1729 2330 1768 2386 te,
1782 2321 1805 2376 si

145 2405 316 2463 vindicemus
330 2407 505 2465 divinitatem
520 2408 595 2466 Patri
609 2416 637 2465 et
651 2408 733 2464 unico
749 2407 907 2480 Filioejas,
922 2416 950 2464 et
1000 2407 1070 2465 velis
1086 2409 1133 2465 uei
1146 2408 1265 2466 irteeairi
1278 2423 1392 2477 serras,
1406 2408 1579 2481 superiorem
1593 2409 1697 2467 dicere.
1721 2410 1805 2483 liter,

147 2499 233 2567 tusis
249 2498 319 2556 itane
335 2511 458 2557 nostrane
468 2502 630 2573 impugnans
645 2500 894 2564 detenuissemus
906 2516 951 2557 as·
1000 2499 1161 2572 lnquit'lite
1174 2500 1269 2558 heatus
1282 2501 1436 2572 apostatas,
1450 2501 1573 2573 loqeeerc,
1587 2513 1611 2557 et
1622 2502 1761 2560 exhortare
1772 2514 1803 2572 ²,

146 2602 246 2652 truens
257 2593 293 2650 de
307 2594 327 2651 F
330 2595 378 2651 iliu
390 2596 460 2667 qaod
471 2597 551 2669 suerit
563 2596 667 2668 mando
676 2612 728 2652 nen
737 2596 815 2670 fucrit
825 2636 834 2664 ,
845 2595 950 2667 etqaod
1001 2602 1026 2648 et
1039 2610 1121 2667 arque
1135 2610 1193 2649 eam
1206 2595 1276 2649 omni
1291 2596 1400 2666 imperio
1413 2611 1423 2649 .·
1441 2611 1516 2651 nemo
1530 2607 1555 2650 te
1569 2606 1717 2653 conteneant
1738 2597 1748 2671 (
1760 2597 1802 2654 lt.

146 2686 231 2758 sactar
249 2687 284 2742 sit
298 2703 330 2742 ee
343 2686 443 2756 nihilo,
459 2689 558 2760 atique
577 2688 677 2759 probas
693 2698 721 2744 te
735 2695 785 2743 aut
799 2701 861 2743 esse
880 2689 952 2743 anti·
1000 2701 1036 2752 rt,
1048 2684 1105 2757 15).
1117 2686 1144 2743 Si
1155 2686 1329 2745 Christianus
1341 2704 1387 2756 es,
1399 2688 1461 2760 quia
1475 2699 1500 2744 et
1515 2701 1542 2743 ιιι
1558 2704 1628 2745 unus
1641 2691 1680 2745 sis
1692 2691 1726 2747 de
1738 2689 1804 2760 illis,
1830 2718 1838 2737 ·

145 2778 298 2850 christum,
312 2792 361 2837 aut
374 2790 453 2839 certe
466 2782 526 2854 ejus
542 2794 753 2853 precursorem.
769 2781 864 2854 Neque
878 2783 950 2839 enim
1001 2787 1115 2851 propter
1127 2795 1197 2851 quas
1211 2779 1332 2838 dixerit:
1349 2780 1414 2836 llaec
1428 2783 1552 2853 loquere,
1569 2794 1592 2838 et
1607 2783 1765 2851 exhortare,
1781 2795 1806 2840 et

145 2874 250 2945 poteris
270 2875 340 2929 alius
360 2888 424 2931 ease
445 2875 581 2946 intelligi,
597 2875 650 2930 nisi
667 2883 713 2930 aut
733 2889 889 2946 precursor
902 2888 951 2930 aa·
1001 2889 1084 2947 arque
1097 2877 1237 2929 cumomni
1252 2875 1382 2944 imperio:
1398 2890 1472 2929 nemo
1487 2885 1512 2929 te
1526 2885 1673 2932 contemnat
1688 2875 1804 2949 (leia.);

146 2965 266 3023 tichristi
290 2974 338 3022 aut
356 2967 558 3034 autichristus,
579 2968 626 3040 qui
648 2968 749 3024 aerdcas
768 2967 951 3039 apostolicam
1002 2969 1097 3039 utiquc
1110 2983 1154 3024 me
1167 2983 1229 3025 eum
1243 2968 1318 3024 omrai
1334 2977 1360 3026 te
1373 2969 1569 3041 corripientem
1583 2969 1699 3041 imperio
1712 2970 1807 3026 audire

146 3058 388 3132 erartqelicamque
408 3060 571 3119 haereticam
591 3061 686 3120 dicere
705 3062 805 3130 iidem,
826 3072 855 3122 et
876 3073 949 3120 tuam
1001 3060 1102 3129 dches,
1118 3079 1172 3120 reon
1188 3071 1378 3120 contemnere.
1398 3062 1475 3118 Tunc
1495 3063 1551 3119 eris
1569 3062 1762 3131 Cleristiaaas,
1782 3065 1806 3120 si

147 3161 240 3212 tentes
252 3155 451 3230 hlasphcmlam
465 3156 629 3212 eatltnlicam
646 3156 726 3215 iidem
741 3157 893 3214 vindicare.
909 3131 989 3215 lm(³
1005 3171 1049 3212 me
1062 3170 1115 3212 nna
1132 3157 1332 3228 contempseris
1355 3156 1513 3212 hortantem
1535 3166 1572 3222 te,
1595 3164 1624 3211 ut
1646 3170 1806 3226 perseveres

146 3245 246 3319 iuriam
262 3256 290 3304 te
305 3248 359 3318 pati
374 3249 480 3314 sentis,
497 3250 559 3319 qula
575 3249 663 3306 hestia
679 3264 743 3307 esse
757 3249 860 3307 dicaris
873 3265 887 3305 a
903 3265 953 3306 nn·
1003 3248 1176 3306 Christianus
1189 3266 1195 3303 :
1206 3250 1229 3305 si
1237 3263 1304 3305 vern
1313 3247 1529 3321 contempseris,
1539 3246 1661 3319 jamnon
1672 3246 1808 3304 deChris·

149 3339 213 3398 his:
230 3341 362 3398 inveniris
375 3342 535 3413 excogitare
549 3343 632 3399 iidem
647 3352 772 3412 enuere,
788 3343 842 3400 hoc
860 3354 903 3401 est
923 3353 954 3401 ut
1004 3344 1087 3399 tiaras
1104 3358 1167 3400 esse
1184 3342 1348 3409 inveneris3
1370 3343 1433 3414 quia
1453 3343 1475 3398 si
1496 3342 1593 3399 luisses
1612 3341 1805 3409 Christianus,

149 3448 205 3492 ιιοιι
220 3436 259 3492 ita
269 3435 430 3498 credamus,
442 3435 584 3507 quamodo
598 3436 780 3507 patriarche,
794 3436 950 3507 propheta,
1004 3452 1060 3493 non
1075 3434 1290 3507 contempsisses
1305 3450 1367 3492 eum
1390 3449 1472 3505 quem
1491 3435 1562 3492 Deus
1586 3435 1757 3492 ordinaverit
1772 3433 1807 3489 nd

149 3527 318 3601 apostoliae
333 3537 468 3602 martyres
483 3528 668 3593 crediderint,
683 3529 731 3585 sed
747 3516 901 3585 institueris
914 3530 955 3586 sie
1004 3527 1196 3585 instruendam
1215 3527 1323 3599 plebem
1343 3543 1433 3596 suam,
1455 3538 1484 3584 et
1501 3543 1582 3597 eum,
1601 3530 1645 3585 eui
1665 3527 1807 3598 apestolus

150 3620 337 3684 credendum,
352 3618 494 3692 quomedo
514 3621 703 3692 comperditus
726 3632 788 3677 tuus
809 3621 910 3678 tirius:
926 3631 956 3679 et
1005 3622 1126 3679 dixerit:
1147 3620 1213 3678 Heec
1235 3621 1357 3694 loquere,
1378 3633 1403 3676 ct
1422 3623 1580 3691 exhortare3
1600 3633 1625 3679 et
1645 3640 1725 3697 arpae
1748 3639 1807 3678 cam

150 3713 222 3772 dicis
235 3728 290 3771 non
301 3723 328 3770 te
340 3725 415 3771 recte
428 3713 480 3770 diei
493 3707 627 3780 bestiam,
639 3728 718 3782 cum,
731 3712 793 3785 quia
808 3714 866 3770 hae
878 3728 955 3772 esses
1005 3715 1077 3770 careri
1090 3715 1197 3788 imperio
1210 3730 1220 3770 .·
1234 3730 1310 3770 nemo
1324 3723 1349 3770 te
1361 3723 1507 3769 conteneant
1522 3713 1631 3787 (laid).
1647 3714 1718 3783 Qetid
1732 3716 1806 3771 etaim

151 3817 283 3876 acturas,
304 3808 419 3865 bestiam
435 3815 537 3864 teresse
558 3807 659 3865 dixerit
679 3809 871 3866 sanctissimus
891 3824 957 3880 pro·
1005 3814 1033 3865 te
1054 3807 1171 3864 hortari
1193 3808 1245 3863 nisi
1266 3816 1298 3863 ut
1312 3821 1366 3862 non
1388 3805 1428 3862 sis
1450 3805 1607 3876 homicida,
1631 3817 1662 3863 ιιι
1681 3805 1731 3862 liei
1753 3820 1807 3862 nan

152 3900 256 3974 phetai
274 3899 334 3957 llon
355 3902 447 3958 retiner
466 3915 513 3969 es,
533 3899 694 3972 Constanti,
715 3902 908 3960 incredulitate
921 3904 955 3961 ah
1005 3903 1182 3972 persequaris
1196 3898 1324 3965 denruea;
1341 3906 1371 3954 at
1386 3897 1499 3954 desinas
1518 3908 1670 3971 torquere,
1686 3899 1808 3971 proscri-

152 3991 338 4049 eutichristo:
355 4007 418 4048 nam
432 3991 562 4049 dentihus
577 3992 676 4050 ferreis
690 3994 741 4051 liei
762 4009 862 4052 serves
874 3995 958 4052 devo·
1005 3993 1087 4063 here,
1099 3994 1264 4067 deportare,
1279 3992 1423 4052 recludere
1437 4008 1569 4063 carcere,
1585 3995 1744 4064 trucidare,
1759 4010 1809 4051 va·

153 4087 242 4144 rande
262 4102 317 4143 nen
336 4086 449 4144 desinis.
468 4087 538 4157 Qetid
559 4088 704 4159 pluribus?
725 4089 763 4146 nil
781 4091 956 4148 antichristus
1006 4087 1048 4145 rie
1066 4087 1244 4160 disperdere,
1265 4087 1424 4145 interlicere
1442 4102 1577 4161 eosquos
1594 4103 1695 4147 cernas
1717 4089 1811 4148 Chris·

155 4188 268 4238 acturus
283 4188 343 4249 est,
363 4180 415 4236 nisi
432 4189 464 4236 ut
478 4192 593 4253 negetur
608 4182 704 4238 unicus
719 4183 767 4239 lici
782 4183 889 4240 Filius:
906 4184 959 4240 hae
1007 4180 1117 4246 tianos;
1133 4181 1286 4237 atdesiaas
1297 4172 1417 4253 denique
1430 4180 1626 4254 blasphemare
1638 4184 1748 4239 unicum
1761 4182 1810 4239 liei

152 4273 210 4346 agit
224 4272 340 4329 stultitia
355 4272 493 4345 sagittatus
508 4274 746 4332 immundissimus
760 4275 868 4333 artimus
883 4285 956 4334 tuus.
1007 4269 1128 4340 sitium
1144 4283 1171 4328 at
1186 4274 1365 4345 apostolicam
1381 4274 1536 4346 suscipias,
1551 4289 1633 4346 quam
1651 4277 1810 4331 haereticam

153 4365 209 4424 Sed
230 4368 405 4439 quantumuis
424 4368 538 4436 saevias,
559 4370 712 4438 transient,
735 4368 869 4427 transient
890 4382 959 4428 tem·
1008 4364 1078 4421 dicis
1093 4365 1173 4422 tidem
1186 4406 1194 4431 ‚
1209 4364 1282 4421 hinc
1295 4366 1403 4422 δῡῑΙίθθῑ
1416 4376 1560 4434 millam,
1575 4382 1657 4439 tillim
1677 4368 1750 4439 itud
1764 4367 1811 4423 Ni·
1845 4345 1857 4378 ⁰

155 4474 223 4533 pora
240 4468 303 4527 tua,
320 4468 348 4516 et
363 4460 474 4517 vestient
489 4459 554 4528 illo,
572 4462 600 4518 in
615 4463 718 4535 quihus
732 4463 842 4520 uisurus
860 4478 892 4521 es
912 4474 957 4534 te,
1009 4472 1094 4514 caeam
1116 4467 1141 4513 tc
1160 4467 1256 4513 centra
1271 4468 1299 4513 et
1312 4468 1427 4514 cunctos
1449 4458 1597 4516 hereticos
1619 4460 1743 4534 episcopi
1763 4459 1811 4516 de-

156 4553 210 4611 nisi
222 4553 272 4609 tihi
283 4553 467 4621 consulueris,
479 4553 507 4610 in
519 4553 567 4610 illo
578 4555 660 4627 igneo
671 4553 754 4612 drevic
764 4555 957 4626 austeritatum,
971 4522 999 4584 D
1011 4549 1273 4621 scripsettniitliiiss
1283 4549 1400 4606 credens
1410 4549 1492 4607 sicuti
1504 4567 1566 4620 ¹¹⁰⁸,
1578 4553 1754 4626 distteristttte
1768 4568 1811 4613 te·

156 4647 267 4705 visurus
282 4656 347 4704 taem
361 4663 420 4714 eos,
436 4663 506 4720 ques
519 4647 619 4705 inieste
632 4650 818 4722 persequeris,
834 4659 959 4722 propter·
1010 4657 1112 4714 spuere
1125 4643 1308 4700 idololatrum
1319 4659 1367 4715 tter
1378 4644 1473 4701 Atium
1489 4645 1651 4718 magistrum
1674 4655 1750 4704 taum
1769 4649 1814 4707 itt·

92 4792 100 4805 ,
157 4755 190 4800 ea
206 4740 279 4813 quod
302 4741 389 4797 ratim
411 4741 501 4814 perire
515 4751 623 4809 tecum,
643 4757 697 4798 nen
711 4742 740 4798 in
757 4740 806 4799 ille
820 4743 847 4799 in
863 4758 917 4815 quo
932 4751 960 4798 tu
1012 4733 1152 4802 stitutam;
1165 4747 1194 4792 ut
1205 4735 1391 4793 Christianum
1403 4747 1430 4793 te
1442 4736 1578 4806 clamites,
1596 4754 1650 4797 nen
1661 4738 1812 4807 Asianum

156 4833 265 4892 iuturus
276 4851 307 4893 es
319 4838 379 4892 loeo
394 4844 610 4904 torrerentorunt,
626 4835 676 4894 setl
687 4851 749 4893 cum
764 4837 870 4909 angelis
883 4851 962 4894 sanc·
1012 4839 1044 4886 ut
1060 4827 1068 4867 ¹
1087 4828 1200 4886 desinas
1213 4829 1328 4885 trintina
1340 4828 1409 4887 sulse
1420 4830 1469 4888 Dei
1482 4829 1592 4890 mittere
1607 4834 1813 4891 sacerdotibus:

159 4927 195 4983 tis
208 4930 313 5000 gratias
327 4939 355 4986 et
369 4929 464 4987 laudes
478 4931 630 4986 relerentes
645 4945 756 5003 semper
771 4930 840 4998 lico,
856 4939 882 4987 te
896 4944 961 4986 tero
1016 4922 1126 4981 haecst
1137 4921 1276 4995 correptio
1289 4939 1368 4992 mea,
1394 4924 1454 4981 hac
1475 4925 1639 4999 objurgatio.
1665 4926 1814 4996 Apostolus

158 5020 187 5079 in
202 5022 249 5078 illo
264 5023 371 5094 liquare
384 5023 521 5078 liamtneo.
536 5021 604 5078 Nolo
618 5023 743 5092 mireris,
757 5023 780 5079 si
792 5022 888 5079 Daniel
902 5022 963 5094 glo·
1014 5017 1081 5073 mihi
1097 5015 1163 5074 dicit
1177 5025 1208 5072 ut
1218 5025 1244 5073 te
1257 5032 1369 5089 argelata
1384 5033 1445 5075 cum
1461 5021 1536 5075 orani
1548 5021 1676 5092 imperio,
1688 5029 1716 5076 et
1730 5027 1757 5076 tu
1773 5019 1815 5076 di·

160 5116 250 5174 ricem
263 5127 289 5175 te
301 5117 417 5174 bestiam
437 5133 498 5174 esse
510 5116 677 5190 designarit,
690 5117 802 5190 quanda
821 5125 851 5174 et
864 5116 963 5173 Paulas
1013 5112 1054 5170 cis
1069 5129 1076 5167 ι
1092 5108 1171 5166 Facit
1191 5110 1255 5164 mila
1274 5111 1400 5181 injuriam
1411 5109 1535 5186 ducitur
1550 5121 1577 5168 et
1591 5126 1645 5169 reon
1660 5111 1732 5168 dicis
1744 5133 1751 5169 ι
1765 5109 1815 5167 liei

198 5283 211 5313 ⁸
227 5274 313 5331 Prtetln
327 5274 472 5346 superius,
488 5273 644 5329 altissimam
658 5271 754 5328 dam.
1017 5269 1142 5334 teretium,
1155 5276 1209 5325 etc.
1224 5266 1304 5324 Vens.
1319 5268 1385 5324 dett.

196 5344 211 5385 ¹·
227 5345 381 5411 Couelectis,
396 5346 439 5402 tel
451 5344 607 5400 conuertiis.
621 5344 711 5400 Latin.
727 5343 823 5402 Utrum
835 5358 902 5401 vere
915 5342 965 5399 ali·
1053 5339 1067 5377 ‘¹
1083 5338 1166 5395 Forte
1179 5339 1328 5406 mandatis,
1346 5349 1375 5394 ut
1391 5338 1471 5395 Vere.
1490 5338 1573 5407 Anu,
1587 5355 1649 5398 cum
1663 5342 1820 5415 paulopost

161 5416 226 5491 quid
242 5420 287 5474 hie:
301 5421 405 5486 suasit,
422 5417 492 5486 quod
510 5418 542 5470 ad
559 5416 705 5472 historiam
726 5416 824 5471 reterri
846 5414 964 5480 debeat,
1016 5410 1088 5467 hane
1101 5427 1195 5468 vescera
1206 5421 1322 5480 usurpet
1334 5412 1368 5464 ad
1381 5425 1492 5466 seersum
1504 5410 1593 5469 Pauli.

162 5506 225 5548 curn
248 5507 309 5544 seros
330 5486 464 5542 Cretenses
485 5488 626 5557 appellat,
650 5485 722 5542 haud
744 5483 863 5542 divinari
883 5484 965 5540 licet:
1056 5483 1208 5539 ‘livertare
1227 5482 1304 5537 vers.
1320 5483 1386 5536 Ant.

162 5572 238 5620 certe
260 5560 378 5615 helanus
401 5558 549 5629 inteiligit,
573 5558 692 5629 quihus,
717 5566 748 5613 ut
770 5555 966 5623 Cretensibus,
1058 5553 1068 5594 ¹
1085 5556 1114 5612 ld
1128 5566 1192 5620 est,
1208 5563 1236 5608 at
1248 5553 1351 5607 devians
1364 5553 1475 5608 erimina
1490 5554 1560 5619 {alsa
1572 5553 1623 5612 Dei
1642 5558 1819 5615 maeoniae

163 5633 304 5689 lertiaram
319 5648 332 5682 a
356 5628 483 5698 pellatia,
501 5639 529 5685 et
549 5629 626 5685 Paerli
642 5631 726 5685 verha
741 5626 896 5685 rectissime
918 5643 968 5698 ap·
1021 5626 1141 5699 adjicere,
1155 5625 1222 5698 [also
1232 5640 1277 5680 eor
1289 5640 1413 5680 accusare
1427 5642 1438 5693 ,-
1453 5626 1605 5684 ammittere
1618 5643 1668 5701 pre
1682 5631 1820 5687 tumerem

166 5714 269 5764 lentur.
286 5646 400 5778 ‹iptieqa
416 5715 466 5771 pre
480 5701 575 5757 sociis.
592 5698 718 5756 Galiaad.
1021 5698 1097 5758 dicit.
1115 5698 1166 5754 ret.
1183 5703 1212 5754 et
1224 5711 1258 5752 ex
1270 5693 1438 5754 eouattaae.
1813 5662 1873 5736 Ι

204 5786 216 5817 ⁸
233 5773 346 5848 Propter
355 5789 434 5844 quam
443 5773 742 5830 eausam....mumlatit
750 5772 886 5832 toatma
894 5785 970 5830 utet·

385 5868 525 5931 Pavent.
549 5865 640 5931 xlii.
1545 5862 1599 5922 iss.
