3900 6134
137 247 193 306 223

718 245 874 307 SANCTUS
893 245 1055 304 bubastis
1073 245 1177 336 Para.

1738 251 1794 310 sst

138 371 207 439 rius,
220 368 339 427 academ
362 368 545 441 resignatione
564 369 683 441 lacta,a
707 369 790 427 dome
811 371 940 428 Ecclesiae
952 375 977 432 A
991 379 1049 426 ctus
1061 382 1124 439 est,
1148 370 1259 428 minime
1280 370 1331 426 sibi
1362 385 1474 428 necesse
1496 369 1615 426 duxerit.
1634 368 1670 428 At
1682 371 1717 429 dc
1739 370 1792 429 lree

139 472 309 530 secesserat,
328 477 412 530 seque
431 462 591 531 abdiderat,
608 479 642 520 ne
656 465 748 532 malis,
763 473 793 519 ut
813 466 859 521 ille
878 465 937 533 ait,

139 557 316 612 censentibus
338 555 435 612 adesse
451 565 595 628 cogeretur
611 557 661 629 (a).
678 559 744 615 Nam
763 575 824 615 cum
838 560 939 616 eratio-

139 663 201 704 nem
217 646 418 705 valedictoriant
433 649 466 704 ad
482 648 577 705 Patres
593 650 644 708 150
659 651 769 718 ltabuit,
784 652 938 723 exemplum

139 752 171 795 se
191 738 345 812 relinquere
371 739 508 810 protessus
522 750 585 808 est,
601 742 671 813 qued
685 744 708 797 si
722 744 840 798 nonnulli
854 744 939 799 imite-

138 839 228 886 rentur
239 873 248 896 ,
261 848 292 886 uc
311 830 411 888 tbrenis
424 831 559 899 cederent,
576 850 627 888 aea
647 835 742 904 lecturi
759 845 841 890 essent
854 836 939 905 iaetu-

138 938 212 989 rem,
237 921 281 978 sed
295 922 408 978 babituri
430 941 568 996 supernum
587 925 735 980 cetlredreat
757 925 838 980 multe
860 925 939 980 subli-

139 1015 264 1082 miorem,
279 1017 451 1071 astutiorem.
468 1017 506 1071 lix
526 1018 624 1088 quibus
646 1033 698 1072 uon
714 1017 829 1074 obscure
848 1019 939 1090 colligi

139 1116 250 1178 petest,
268 1106 427 1163 Flavianum
447 1109 554 1179 ipsunt,
569 1108 615 1180 qui
631 1111 682 1166 truc
702 1111 763 1166 lece
778 1109 938 1181 perstringi-

140 1207 203 1267 tur,
229 1201 407 1272 episcopum,
437 1217 499 1257 cum
525 1202 582 1258 bace
605 1186 790 1258 Nazianzenus
817 1203 938 1271 diceret,

137 1291 194 1364 jam
209 1301 349 1360 creatum,
372 1308 404 1349 ac
417 1294 443 1347 ia
466 1292 564 1349 tltruue
585 1294 746 1350 collecatum
763 1295 854 1350 lttisse.
876 1294 939 1350 rta-

139 1385 236 1442 rianus
253 1386 371 1454 deinde,
392 1388 415 1443 si
438 1388 591 1444 sozomeno
604 1388 752 1455 credimus,
770 1399 865 1442 auctor
888 1388 939 1443 im-

139 1481 235 1553 primis
255 1481 325 1547 luit,
341 1493 371 1539 ut
393 1482 533 1539 Nestorius
547 1484 679 1555 Gregorio
702 1486 751 1555 ipsi
771 1485 938 1542 succederet.

140 1572 210 1641 Quid
234 1584 323 1630 autera
349 1574 383 1630 de
407 1585 520 1644 utraque
540 1574 590 1630 bac
612 1577 782 1633 ordinatione
806 1577 940 1633 Damasus

139 1667 276 1730 senserit.
290 1667 377 1723 dicam
393 1657 518 1738 sequenti
532 1682 616 1724 auno.

989 464 1106 521 coneilio
1120 466 1254 536 rebusque
1267 466 1300 521 ad
1315 466 1380 522 iliad
1394 466 1574 523 attinentibus
1597 465 1695 524 iterum
1710 483 1792 541 agea·

989 557 1052 613 dont
1066 559 1120 614 erit
1131 560 1256 629 sequenti
1273 574 1355 615 anno.

1287 695 1403 754 CAPUT
1421 695 1495 753 lllll.
1579 710 1581 715 ’

989 811 1010 869 1.
1030 811 1071 866 lle
1083 811 1240 883 Aquileiensi
1262 811 1371 866 cetrriiiu
1391 811 1542 883 scriptisque
1555 813 1586 867 eb
1601 813 1649 868 ille
1663 813 1795 885 synodicis

1026 906 1152 975 epistolis,
1168 906 1265 972 priores
1282 903 1340 957 due
1354 907 1388 956 ud
1403 902 1556 958 Gratianum
1584 915 1749 960 recenseatur
1771 915 1796 962 et

1026 997 1223 1068 expendantur,
1242 997 1276 1050 aa
1295 1011 1383 1049 eorum
1401 1005 1542 1066 terttperuttt
1564 996 1698 1051 ltisterienr
1720 997 1798 1050 illus·

1025 1093 1154 1146 trearieur.
1179 1090 1211 1145 11.
1241 1088 1360 1144 Gratiani
1383 1089 1545 1157 imperatoris
1579 1091 1731 1161 rescriptum
1761 1087 1798 1143 ed

1028 1185 1181 1255 Aquilinum
1198 1183 1327 1239 sicarium
1342 1182 1451 1250 elicitur
1464 1192 1487 1237 et
1511 1184 1663 1239 iliustretur.
1693 1183 1797 1238 Neute-

1026 1295 1074 1332 aus
1085 1287 1199 1342 uteretur,
1212 1285 1234 1331 et
1245 1275 1373 1346 Artuagmi
1381 1274 1626 1330 Amsteledemensir
1638 1276 1797 1347 impudentia

1027 1370 1178 1439 castigatur.
1208 1367 1253 1422 111.
1274 1366 1363 1422 Tertia
1377 1367 1548 1440 Aquileiensis
1562 1368 1678 1443 ejusdem
1693 1369 1798 1423 rendili

1027 1464 1135 1534 epistole
1158 1462 1311 1536 repentaliter
1337 1472 1360 1516 et
1375 1463 1531 1534 replicetur.
1547 1463 1591 1518 lii.
1610 1461 1796 1520 Priscillianus

1028 1557 1138 1613 Remeat
1153 1558 1305 1624 uenit,utse
1323 1566 1424 1629 perpet.
1441 1556 1606 1625 Quesuelliur
1625 1566 1650 1612 et
1665 1556 1797 1629 liupiairts

1028 1649 1192 1720 refelluntur.
1689 1642 1693 1649 '

176 1763 218 1817 lle
241 1777 294 1818 aen
310 1762 375 1817 latet
394 1761 431 1835 (b)
445 1762 647 1819 Tillementium
668 1764 809 1832 scribere,
825 1765 859 1821 ab
882 1767 940 1838 epi·
955 1767 980 1828 Β
1029 1763 1049 1818 l.
1071 1762 1128 1818 Non
1143 1762 1188 1819 diu
1205 1772 1266 1832 pest
1291 1760 1622 1833 Constantinopolitanum
1637 1762 1796 1831 concilium,

140 1856 230 1924 scopis
257 1853 313 1908 sedi
346 1869 402 1909 sure
431 1853 567 1921 redditis,
597 1864 677 1924 atque
710 1856 807 1914 deiude
843 1859 942 1914 Antie-

140 1948 209 2005 chia
228 1948 254 2002 in
274 1961 336 2003 eum
360 1948 441 2004 baem
466 1949 564 2005 iterum
589 1953 781 2022 congregatis,
802 1952 942 2022 impositas

139 2037 270 2097 Flaviano
283 2056 389 2097 manus.
406 2042 442 2097 At
460 2040 505 2096 ille
524 2043 622 2109 quaerit
635 2043 755 2114 opinioni
773 2058 830 2098 suae
851 2043 944 2113 pracsi-

141 2133 237 2199 diom,
260 2135 331 2190 uncle
354 2137 397 2189 itta
418 2136 584 2203 destruitur,
605 2147 633 2191 ut
657 2138 710 2192 alio
725 2138 785 2192 loce
799 2138 942 2208 probatum

140 2222 213 2281 dedi.
238 2227 339 2282 Deinde
361 2227 420 2283 tunc
433 2229 483 2283 viri
504 2227 577 2284 docti
592 2231 726 2285 sententia
742 2240 857 2300 receptae
880 2243 944 2289 tuuc

141 2316 293 2386 disciplinae
308 2320 419 2376 minime
436 2329 621 2378 censentanea
639 2330 689 2379 est.
707 2322 772 2377 Num
788 2324 941 2393 episeopis,

142 2410 186 2479 qui
202 2419 249 2464 aut
267 2409 405 2477 deiuncti,
419 2421 466 2467 aut
488 2413 515 2468 in
539 2413 618 2482 plena
641 2414 746 2485 synode
767 2413 866 2484 deiecti
885 2414 944 2472 lac·

140 2508 222 2567 rattt,
246 2491 471 2569 altcrdabatur,
495 2513 523 2560 et
546 2508 760 2561 consecrabatur
790 2508 885 2563 eudem
916 2508 942 2562 iu

142 2591 204 2649 lece
222 2610 253 2649 ac
271 2596 306 2651 ab
329 2596 521 2667 cadempleno
547 2600 652 2672 synode
673 2615 815 2657 successor
840 2601 944 2671 :cujas

142 2688 181 2745 rel
203 2703 218 2744 a
241 2688 370 2756 Nlcaetta,
392 2707 453 2762 quar
478 2692 674 2764 Plrileguttum,
696 2692 945 2764 Cttastantinopoli-

142 2789 203 2836 tana
221 2781 297 2850 ipsa.
320 2797 380 2852 ques
404 2782 575 2853 Nectarium,
597 2784 754 2855 lipbesina,
776 2802 836 2857 qam
860 2787 944 2842 llari·

81 2919 84 2926 .
142 2872 262 2927 mianum
287 2871 522 2942 Cltalcudoocasi,
539 2893 599 2948 quae
620 2878 702 2932 alium
722 2879 844 2935 btoscori
865 2880 942 2947 loce,

143 2980 176 3021 ac
194 2975 293 3032 sexta,
310 2982 370 3038 quas
388 2968 582 3038 ’l'laceplrauem
605 2974 794 3036 consecrauit.
817 2976 942 3044 exempla

143 3062 197 3132 peti
218 3069 340 3128 possum.
355 3061 445 3119 Unum
462 3080 510 3133 pru
533 3064 708 3121 Tilletueatle
729 3066 882 3136 praesidium
903 3067 944 3122 ri·

995 1858 1169 1928 Aquileiense
1184 1865 1375 1928 congregatum
1398 1867 1451 1923 est,
1467 1872 1499 1911 ac
1521 1871 1614 1912 ntertse
1640 1854 1797 1923 Septembri

994 1948 1269 2004 absolutumbaille
1291 1950 1382 2019 igitur,
1404 1948 1476 2019 quod
1499 1948 1523 2003 si
1547 1963 1601 2004 aun
1627 1947 1794 2018 irequeutia,

994 2042 1125 2112 dignitate
1137 2042 1244 2106 saltem,
1260 2057 1292 2096 ac
1305 2040 1449 2096 sanctitate
1466 2041 1655 2111 cpiscoporum
1676 2039 1723 2110 qui
1745 2038 1794 2094 ad-

994 2134 1113 2200 lucrunt,
1133 2134 1339 2190 celeberrimum
1366 2135 1436 2190 inter
1455 2133 1572 2189 certeilia
1596 2133 1685 2187 locum
1709 2140 1793 2197 tenet,

994 2242 1045 2299 ego
1059 2243 1090 2283 ea
1101 2228 1241 2282 dumtaxat
1260 2227 1405 2294 colligam,
1433 2241 1494 2298 quae
1522 2227 1556 2282 ab
1580 2226 1704 2281 institute
1732 2238 1794 2280 mee

995 2319 1065 2376 baud
1080 2322 1170 2376 alicua
1185 2304 1258 2384 suut.
1275 2329 1355 2392 atique
1369 2319 1401 2376 ad
1422 2320 1565 2375 bntnasutn
1580 2321 1706 2376 attinent.

1032 2414 1133 2470 Praeter
1142 2415 1285 2484 ejusActa,
1300 2430 1360 2483 qum
1371 2410 1639 2468 aCbilbetiulrustra
1649 2410 1795 2468 sollicitata

994 2516 1068 2572 sunt,
1082 2515 1138 2563 tres
1152 2515 1260 2562 exstant
1274 2505 1408 2576 epistole,
1422 2520 1535 2575 querum
1547 2505 1663 2576 gentiaae
1676 2504 1709 2557 aul
1721 2501 1795 2560 Gra-

994 2599 1096 2654 tiauum
1109 2598 1265 2655 Occidentis
1280 2599 1485 2668 imperatorem,
1501 2598 1588 2653 altera
1610 2597 1644 2652 ad
1669 2593 1796 2651 'liteode-

994 2692 1063 2749 sium
1080 2693 1207 2762 pertinet,
1221 2706 1383 2760 quamquam
1403 2705 1496 2746 earum
1510 2689 1650 2759 inscriptio
1668 2687 1796 2743 omuibus

993 2785 1146 2840 eerttmunis
1157 2785 1203 2839 sit.
1219 2784 1403 2838 blettrorantur
1418 2783 1509 2853 priore
1535 2780 1650 2851 epistula
1675 2795 1706 2834 ca
1732 2794 1797 2848 qua·

994 2878 1027 2933 ad
1043 2878 1122 2932 ltdcm
1140 2887 1274 2946 spectaui,
1290 2884 1318 2932 ct
1331 2877 1453 2931 contecto
1476 2876 1502 2931 ia
1521 2873 1638 2929 eoacllie
1665 2871 1774 2927 inerarrt
1787 2887 1812 2943 r·

994 2972 1133 3042 depositus
1148 2972 1252 3026 scilicet
1276 2969 1424 3026 Palladium
1446 2978 1471 3026 et
1501 2968 1714 3033 Secundinum,
1738 2966 1798 3037 cpi·

994 3078 1092 3134 scepus
1106 3064 1233 3129 Arianos,
1251 3072 1332 3132 atque
1344 3060 1462 3117 Attalum
1476 3062 1664 3131 presbyteratu
1679 3058 1797 3114 concilio

144 3154 307 3231 detur'eapi
331 3175 411 3230 posse
437 3176 469 3216 etr
495 3162 617 3232 ejusdem
642 3156 984 3236 ConstantinopolitnnaeC
1001 3158 1232 3227 ipsepraesentes.
1259 3154 1373 3209 Palladii
1388 3162 1415 3208 et
1441 3152 1605 3208 Secumitaai
1630 3151 1733 3205 tarentin
1755 3157 1798 3203 cst
1857 3224 1860 3228 ι

145 3251 344 3323 synodianus,
363 3255 462 3325 quibus
480 3254 627 3311 Fiat-ianus
647 3258 706 3327 ipse
726 3259 891 3328 subscribit,
916 3271 952 3319 ut.
996 3250 1023 3307 in
1038 3250 1135 3305 litteris
1148 3246 1364 3318 Singcdnuensis
1377 3246 1561 3312 conciliabuli,
1574 3254 1601 3298 rt
1614 3245 1640 3298 in
1666 3241 1797 3299 Germiaii

144 3345 297 3416 presbyter.
327 3346 363 3402 At
388 3348 431 3418 qui
457 3365 490 3405 cx
520 3349 674 3420 bajustnodi
700 3353 945 3424 subscriptionibus
996 3347 1245 3417 adeasrespouse,
1262 3344 1470 3415 annosissima
1494 3344 1601 3400 labente
1615 3343 1741 3412 seriptis:
1769 3352 1799 3397 at

145 3437 253 3507 aliquod
269 3439 376 3495 adsitas
390 3441 744 3511 opittieueseoubrmandas
757 3456 944 3518 argumentum
996 3440 1183 3497 Secondianns
1212 3437 1331 3493 nundum
1364 3448 1506 3509 timuimus
1539 3436 1572 3490 ²¹1¹
1610 3436 1798 3506 ⁰95⁸⁰⁰ll²¹¹¹¹¹¹¹

146 3528 274 3595 trabunt,
291 3545 333 3585 nte
349 3531 365 3585 ii
381 3547 490 3601 prorsus
508 3548 524 3588 ι
548 3535 669 3591 tenebris
688 3536 776 3592 lucem
800 3545 942 3607 quarunt,
995 3532 1083 3587 luerat
1100 3532 1152 3605 (d).
1168 3531 1360 3600 Presbyterum
1371 3530 1489 3585 Attalum
1500 3529 1688 3600 Aquileienses
1704 3527 1800 3584 Patres

146 3621 260 3677 utilem
275 3623 464 3680 'lillumentius
485 3625 539 3682 alie
560 3626 619 3683 leco
635 3629 732 3697 probat
752 3629 803 3702 lc),
819 3646 869 3701 ego
882 3646 946 3687 vero
997 3625 1095 3680 iuliani
1112 3625 1232 3679 Valentis
1243 3623 1405 3696 discipulum
1434 3631 1553 3680 terant:
1578 3623 1718 3679 Valentem
1734 3636 1800 3689 uere

147 3721 211 3784 pule
223 3713 277 3770 tlue
302 3714 392 3771 ltabita
411 3716 512 3783 luisse,
528 3734 560 3773 ac
583 3719 711 3794 distingui
727 3731 854 3788 oportere
874 3739 946 3776 con-

146 3806 223 3868 cilia,
237 3824 297 3879 quae
311 3821 352 3864 est
367 3808 483 3877 plurium
498 3811 717 3867 doctissimorum
732 3812 871 3868 bominum
885 3829 947 3870 sen-

146 3899 249 3963 tentia,
271 3900 393 3956 Socratis
417 3917 449 3957 aa
472 3903 616 3957 Suaumeui
640 3905 797 3958 testimonio
821 3921 874 3962 noa
899 3907 947 3963 ob·

147 4002 227 4043 scure
240 3991 410 4049 confirmata.
429 3992 549 4048 Primam
564 4012 616 4048 nou
630 3996 697 4052 adeo
714 3998 860 4067 irequeas:
877 4000 946 4057 alte·

67 4098 70 4103 ·
147 4095 207 4135 rum
223 4082 308 4137 multe
322 4083 499 4152 frequentius.
515 4086 543 4141 ln
560 4087 648 4155 primo
662 4087 805 4145 Maximam
819 4102 949 4148 exaucto·

147 4179 258 4239 ratam,
281 4188 313 4230 ac
337 4174 527 4232 ruailrmatunt
552 4179 660 4235 bleletio
690 4181 805 4250 preside
828 4183 854 4237 ia
881 4184 947 4240 sede

148 4263 319 4336 Gregorium.
335 4267 362 4322 ln
378 4268 483 4337 altero,
498 4271 540 4326 cui
555 4271 701 4344 Gregorius
716 4274 860 4346 aliquando
874 4291 945 4347 praa·

147 4355 215 4424 luit,
252 4358 409 4417 Flauianum
443 4362 617 4431 ordinatum,
649 4381 681 4422 ac
714 4366 814 4424 deiude
849 4367 946 4425 Necta-

148 4448 218 4506 rium
232 4491 239 4516 ,
255 4452 396 4524 editusque
420 4455 522 4525 aliquot
542 4466 672 4526 praterea
688 4473 806 4515 canones
824 4478 830 4514 :
847 4461 948 4517 utrius·

999 3719 1098 3788 ipsum,
1119 3733 1283 3788 ‹potitaquaut
1300 3733 1352 3772 neu
1365 3717 1444 3785 laage
1457 3718 1577 3783 abesset,
1592 3717 1737 3771 eeaciliutu
1751 3714 1801 3772 de·

998 3809 1115 3864 clinasse
1129 3809 1261 3870 scribunt,
1280 3826 1314 3863 ua
1327 3826 1421 3865 euersa
1444 3810 1560 3881 petrice,
1589 3811 1802 3883 perditorumque

997 3900 1091 3955 ciuium
1106 3917 1198 3954 carosus
1218 3891 1355 3970 prestares
1370 3902 1397 3956 iu
1406 3919 1434 3956 ee
1450 3912 1577 3957 teaeretar
1601 3900 1648 3973 le).
1677 3900 1728 3955 llic
1741 3911 1801 3974 pest

999 3995 1137 4065 preditam,
1154 4004 1184 4049 ttt
1198 3996 1357 4051 Ambrosius
1371 3996 1419 4063 eit,
1437 3995 1529 4050 Gotltis
1540 4001 1662 4066 petriam,
1691 3997 1717 4051 itt
1744 3995 1800 4051 lta·

1000 4085 1063 4141 liant
1082 4097 1245 4150 secesserat,
1265 4103 1380 4157 erttrtquc
1400 4088 1611 4154 cuateruioare,
1634 4098 1662 4142 et
1687 4086 1800 4143 inlicere

999 4181 1150 4234 conabatur
1161 4179 1319 4235 certstitutis
1333 4179 1415 4234 variis
1431 4180 1457 4233 iu
1472 4177 1549 4243 locis,
1564 4178 1706 4234 lalsissuec
1716 4188 1801 4234 secter

1000 4271 1241 4342 episcopisntque
1262 4271 1314 4326 bec
1337 4271 1397 4339 ipse
1421 4285 1514 4338 anno,
1542 4279 1569 4326 et
1592 4279 1724 4340 tempore.
1747 4284 1802 4341 que

1000 4367 1145 4423 conciliatu
1168 4377 1359 4437 congregatum
1382 4368 1488 4432 iuerat,
1520 4365 1663 4422 lledieleai
1688 4365 1801 4430 latebat,

1000 4460 1114 4516 lustina
1124 4459 1196 4516 iortc
1211 4460 1339 4531 pracsidio
1355 4469 1437 4516 tutus.
1453 4459 1530 4516 llunc
1549 4460 1629 4531 igitur
1643 4475 1657 4514 a
1671 4459 1802 4516 Gratiano

148 4557 200 4612 qne
215 4554 304 4600 autern
321 4547 552 4618 subscriptiones,
568 4558 596 4605 et
615 4565 734 4606 canones
756 4552 781 4605 in
803 4568 885 4607 unum
901 4552 949 4609 de·
1002 4563 1097 4624 petunt
1112 4553 1260 4609 otdetnum
1275 4569 1351 4610 suant
1363 4564 1491 4625 repetere
1507 4553 1620 4624 jubeat,
1648 4561 1730 4624 atque
1749 4550 1802 4607 be·

151 4633 213 4690 inde
228 4637 359 4703 collatus,
375 4654 407 4694 ac
422 4655 455 4695 er
474 4639 575 4711 duplici
602 4656 685 4697 unum
710 4640 834 4699 ellectum
857 4657 889 4699 ac
902 4661 946 4700 re·
1000 4648 1171 4702 rcntissimas
1186 4647 1268 4703 ltaiiae
1283 4647 1409 4703 ciuitates
1423 4662 1455 4703 ea
1469 4656 1548 4719 peste
1563 4647 1670 4701 liberet.

148 4737 282 4796 putatam.
307 4730 375 4787 iliae
399 4732 519 4800 lacttua,
538 4745 568 4788 ut
587 4733 753 4803 Flavianus,
768 4737 814 4806 qui
839 4737 947 4794 bleletie
1036 4737 1064 4792 lo
1078 4739 1162 4793 altera
1176 4738 1235 4808 ejus
1245 4738 1353 4794 castellii
1374 4738 1489 4808 epistola
1504 4737 1539 4794 de
1564 4735 1690 4793 Ursicino
1701 4735 1803 4806 agitur,

150 4816 227 4884 tire,
245 4822 331 4889 prime
347 4822 544 4893 subscripserat
556 4865 564 4891 ,
578 4834 608 4879 ut
622 4825 764 4898 presbyter
776 4868 783 4894 ,
797 4829 876 4885 alteri
892 4828 946 4896 illi,
999 4843 1085 4900 eaque
1098 4829 1194 4886 sudent
1211 4841 1344 4904 tempere,
1365 4848 1420 4902 quo
1436 4833 1520 4903 prior,
1533 4831 1635 4902 scripta
1659 4846 1692 4887 ac
1707 4831 1806 4898 legatis

149 4908 248 4967 lterum
269 4912 440 4974 subscribere
463 4924 604 4987 postquam
626 4919 659 4972 ad
680 4918 864 4991 episcopatum
884 4936 948 4978 ιιι·
998 4924 1162 4981 abeuntibus
1178 4925 1275 4981 tradita
1290 4933 1342 4993 est,
1360 4934 1390 4980 ut
1403 4925 1493 4981 eidem
1517 4925 1649 4982 Gratiana
1675 4923 1808 4981 reddere·

184 5081 224 5156 (a)
244 5083 334 5142 Carm.
349 5086 383 5144 de
393 5087 449 5146 tta.
463 5106 512 5148 sua
526 5110 559 5149 ex
576 5109 650 5148 ttont.
664 5095 726 5151 151.

187 5155 224 5231 lb)
249 5159 284 5213 tte
296 5157 416 5215 Flaviae.
431 5173 482 5218 art.
497 5166 529 5230 ὅ,
546 5173 613 5219 torst.
626 5163 661 5218 x.

184 5230 221 5297 (cl
241 5229 280 5285 tte
298 5230 425 5288 Naziaaz.
443 5245 507 5290 tem.
527 5235 581 5298 tx,
596 5246 654 5290 net.
670 5235 717 5290 ts.

184 5301 225 5370 (dl
237 5300 321 5359 Certe.
337 5304 405 5360 ven.
418 5306 484 5362 edit.
501 5317 567 5362 totu.
580 5305 613 5368 ΙΙ,
630 5323 690 5376 pag.
702 5305 766 5362 989.

186 5371 223 5444 (ι)
245 5373 295 5431 llic
319 5376 517 5434 latrocinaliter
542 5379 767 5435 l‘etavieaeusem
796 5377 947 5433 Ecclesiam

149 5454 341 5510 occupauerat.
356 5448 424 5504 Suttt
437 5451 483 5521 qui
507 5465 540 5506 ce
555 5449 687 5507 vacabulo
703 5449 775 5505 illam
797 5448 951 5521 intelligant

150 5524 211 5594 quse
225 5529 295 5571 nunc
308 5518 494 5579 Passariensis
507 5522 617 5587 dicitur,
634 5520 706 5591 quud
720 5529 833 5591 atraque
855 5521 882 5575 in
896 5520 948 5576 Ne·

150 5596 209 5638 rtee
223 5584 273 5639 sita
286 5587 330 5652 sit,
344 5605 376 5644 ac
388 5591 447 5648 lieri
463 5593 668 5665 lacilepetuerit
693 5600 723 5647 ut
742 5591 950 5660 Paratianensis,

150 5651 373 5735 settUPeittttirusir
388 5662 413 5715 lu
431 5661 624 5732 Peteuieesem,
637 5679 669 5721 ac
690 5658 829 5734 ptrslrctttu
845 5663 871 5717 ln
887 5662 952 5718 Pus·

152 5738 295 5782 metensem
309 5731 457 5789 transierit.
476 5735 536 5792 lidi
561 5746 700 5798 sectorem
715 5734 904 5794 commentarii
917 5735 952 5792 de

1005 5094 1144 5150 Litteratis
1156 5094 1252 5162 ltaliae,
1266 5093 1389 5149 venetiis
1399 5093 1525 5165 impressi
1539 5111 1603 5150 ann.
1630 5095 1713 5163 1719,
1738 5105 1805 5153 ιιιιιι.

1004 5164 1039 5232 11,
1054 5180 1085 5219 ac
1098 5165 1254 5220 Tilleatent.
1270 5172 1336 5220 tom.
1354 5165 1386 5230 t,
1401 5181 1461 5236 pag.
1475 5166 1540 5222 tut.
1566 5165 1658 5222 AEtatc
1683 5167 1807 5236 protecto

1005 5236 1144 5291 lnuecenti
1157 5235 1203 5299 lll,
1216 5247 1244 5289 ut
1258 5251 1308 5305 rgo
1322 5251 1355 5291 ex
1366 5236 1426 5305 eiras
1441 5237 1577 5307 pontilicis
1592 5237 1708 5302 epistola
1723 5239 1751 5294 in
1762 5254 1809 5294 ar·

1002 5307 1096 5363 eltivin
1107 5306 1275 5362 rossontensi
1290 5317 1429 5364 asservata
1442 5309 1506 5362 aliut
1520 5309 1572 5434 leqi
1588 5306 1752 5365 Peteuieasis
1766 5310 1808 5365 ei·

1002 5377 1124 5434 eebatur.
1139 5376 1168 5433 Si
1179 5379 1268 5448 itaque
1292 5379 1350 5434 bac
1372 5394 1433 5434 sera
1455 5388 1529 5446 sum,
1566 5381 1731 5438 assarteasis
1754 5379 1807 5436 lle-

1002 5449 1086 5505 clcsia
1102 5448 1270 5506 Victorinum
1290 5452 1448 5522 episcopam
1463 5459 1489 5504 rt
1504 5461 1665 5533 martyrem,
1684 5453 1727 5507 eui
1744 5451 1808 5508 llie-

1003 5536 1134 5590 reuymus
1146 5524 1171 5575 in
1185 5521 1307 5589 catalago
1323 5524 1411 5576 lerum
1423 5522 1508 5589 dedit,
1531 5521 1582 5577 sibu
1603 5525 1703 5578 merite
1718 5522 1808 5579 viudi-

1004 5593 1087 5649 cabit.
1101 5593 1202 5648 beitrdo
1214 5593 1327 5648 illustris
1338 5595 1396 5657 eius
1407 5593 1477 5649 cieri
1498 5602 1526 5648 ct
1552 5593 1644 5664 populi
1674 5593 1808 5650 laudanda

1004 5664 1111 5733 religio.
1128 5674 1155 5718 ct
1170 5664 1237 5720 Ades
1249 5664 1311 5731 erit,
1326 5663 1374 5733 qui
1390 5665 1521 5720 latronem
1536 5664 1610 5721 illum
1624 5665 1676 5722 sibl
1689 5679 1809 5739 preesse

1004 5734 1123 5794 nolucrit
1134 5749 1166 5791 ac
1180 5735 1297 5807 turpiter
1309 5735 1439 5806 reiectum
1455 5749 1471 5791 a
1486 5750 1517 5793 se
1532 5735 1678 5807 expulerit.
