3900 6134
177 254 213 309 83

768 243 927 304 rtosrtnt
947 243 991 300 ιιι
1010 209 1220 302 tttncrttt'nt

1724 244 1880 323 et⁸

181 384 229 426 sus
243 369 321 425 fecit:
349 384 363 424 a
387 367 452 424 sede
468 368 539 422 Petri
564 365 714 421 bonrlcidas
727 365 809 420 foras.
826 363 872 418 bei
887 369 977 416 autem
992 360 1197 430 Areipnbliete,
1210 371 1308 416 vestrae
1318 359 1685 431 tranquillitatisprovisione
1697 359 1832 415 servanda

181 465 299 537 populus
319 464 464 535 episcopos
476 460 624 516 convenire
639 458 733 514 multis
747 456 872 528 precibus
884 469 982 511 exora·

180 559 247 627 bat,
262 567 292 613 ut
316 566 510 619 memoratum,
534 561 610 608 tama
630 552 769 622 impietate
794 548 977 616 maculatum,

181 650 318 706 sententia
331 647 404 716 justa
416 646 606 714 procellerent,
622 659 703 716 quem
719 644 745 697 in
759 652 862 696 tantum
874 648 980 694 matroe

179 762 222 801 nae
237 742 394 814 diligebant,
408 753 436 795 ιιι
448 736 818 806 matronarumarnimalpius
831 735 978 790 diceretur.

215 836 261 892 tv.
283 834 371 890 Voces
386 848 451 903 ergo
464 832 552 903 piebis
567 831 600 886 ad
616 829 841 886 Valentinianum
857 834 920 881 sunt
931 824 979 882 de-

178 928 240 984 latae
253 925 420 999 principem,
432 920 478 993 qul
489 923 589 994 pietate
599 928 762 985 commotus,
777 918 894 974 reditum
914 930 981 970 cou-

178 1018 260 1075 cessit
271 1016 421 1073 exstriibus.
436 1015 512 1069 Tunc
526 1013 640 1070 Ursinus
649 1028 709 1068 ctnn
725 1011 853 1066 Atriantio
863 1019 891 1066 et
902 1008 979 1080 Lupo

178 1110 351 1174 diaconibus,
364 1099 428 1162 xttt'
439 1105 615 1161 kalendarum
627 1104 795 1167 Octobrium,
811 1100 943 1171 Lupicino
952 1110 979 1157 et

178 1201 277 1259 ltrrino
291 1199 426 1256 conssad
444 1197 544 1254 Urbem
561 1196 651 1253 rediit:
666 1198 709 1252 cui
726 1196 802 1267 plebs
812 1206 907 1250 sancta
918 1208 978 1266 gra-

177 1303 269 1349 tanter
282 1293 412 1348 occurrit.
430 1289 483 1347 Sed
497 1291 628 1346 Damasus
643 1297 778 1346 tantorum
790 1287 842 1344 sibi
852 1289 979 1344 cottscius

175 1387 326 1454 scelerum,
341 1401 393 1440 uon
408 1383 537 1440 mediocri
554 1385 652 1440 timore
675 1396 844 1450 concussus,
862 1382 976 1437 redemit

176 1494 259 1535 amne
273 1477 400 1548 palatium
414 1519 421 1542 ,
437 1493 471 1533 nc
484 1476 554 1531 lacta
568 1491 614 1530 sua
643 1474 757 1545 principi
783 1473 976 1544 panderentur.

176 1561 327 1642 imperator
340 1572 464 1628 nesciens
479 1569 542 1641 qaid
554 1569 686 1624 Damasus
698 1579 892 1638 perpetrasset,
904 1568 977 1624 edic·

179 1674 236 1720 tutu
260 1672 408 1738 prorogat,
426 1668 455 1717 ut
466 1660 567 1718 Ursino
581 1660 678 1716 exsilio
693 1660 829 1731 relegato,
852 1659 923 1714 nulia
936 1657 978 1713 ul-

1031 463 1083 518 est,
1100 464 1131 509 ut
1150 465 1247 510 contra
1271 469 1380 509 omnem
1396 453 1450 508 sim
1473 452 1676 524 potentiamve,
1695 453 1777 507 etiam
1803 451 1830 508 in

1032 547 1152 604 minimis
1176 549 1220 618 jus
1243 546 1367 604 veritatis
1382 545 1515 614 obtineat,
1543 560 1596 618 quo
1625 546 1711 616 possit
1732 545 1831 603 tradita

1031 639 1251 711 restruituperio
1279 639 1324 695 Dei
1352 647 1417 693 nutu
1441 638 1541 694 florere
1564 639 1739 708 respublica:
1761 653 1831 708 quo·

1031 733 1113 789 ruodo
1127 735 1154 788 in
1169 732 1284 803 negotiis
1297 732 1397 787 divinis
1408 740 1509 786 sancta·
1528 731 1589 786 fidei
1603 731 1705 786 teritus
1735 730 1833 802 impio-

1031 838 1091 880 rum
1105 835 1216 880 caterva
1228 834 1255 879 et
1270 822 1528 900 fraudulentissimis
1539 837 1635 878 eorum
1660 823 1833 879 circumien-

1031 918 1152 974 tiooibus
1164 917 1323 975 obfuscatur
1345 928 1372 973 et
1388 919 1539 989 premiturl
1553 918 1673 974 maxime
1698 935 1759 975 cum
1782 935 1832 977 ros

1031 1013 1168 1082 principes
1182 1011 1298 1066 liuntani
1313 1010 1420 1079 imperii
1435 1008 1677 1080 piameristiaue
1688 1011 1831 1082 religionis

1031 1104 1111 1160 fldem
1128 1105 1327 1174 puritatemque
1341 1113 1381 1157 tot
1392 1103 1491 1180 vestris
1510 1103 1747 1158 constitutionibus
1769 1104 1830 1158 sin-

1030 1197 1138 1253 dicetis.
1155 1197 1252 1252 Totum
1278 1193 1409 1267 quidem,
1435 1195 1497 1265 quia
1527 1203 1704 1250 veneratores
1729 1194 1830 1252 Christi

1030 1288 1092 1344 Filii
1104 1289 1220 1359 Dei,pro
1237 1285 1289 1343 ilde
1300 1282 1610 1351 catholicadccernitit,
1628 1295 1656 1340 et
1670 1286 1744 1341 timisi
1763 1288 1830 1342 ttixtt

1030 1389 1126 1436 contra
1139 1379 1283 1436 haereticos
1296 1387 1324 1435 et
1337 1377 1456 1450 perfidos
1482 1376 1592 1448 imperii
1607 1378 1693 1451 testei
1707 1379 1828 1433 auctori·

1030 1480 1086 1530 tate
1096 1471 1279 1528 conscribitis.
1297 1470 1356 1526 Non
1370 1470 1447 1541 quasi
1460 1469 1551 1539 aliqua
1572 1468 1691 1539 propriae
1719 1478 1830 1526 senten·

1031 1565 1074 1624 tta
1087 1580 1157 1621 nota
1174 1572 1321 1633 tentantes,
1338 1564 1408 1621 sicut
1420 1565 1530 1636 quidam
1551 1565 1705 1620 anteriores
1729 1567 1829 1636 prinoi-

1029 1675 1078 1730 pes
1091 1661 1120 1715 in
1133 1676 1209 1716 suam
1222 1659 1391 1731 aliorumque
1404 1657 1553 1728 perniciem
1568 1657 1658 1713 conati
1678 1670 1752 1727 sunt,
1780 1662 1829 1717 sed

175 1757 260 1811 terius
287 1754 402 1826 populos
417 1752 556 1809 contentio
582 1751 699 1808 nelautle
721 1750 874 1807 collideret.
902 1748 978 1806 Tune
993 1757 1017 1818 Β
1032 1766 1060 1811 ut
1071 1755 1223 1811 ostendatis
1238 1765 1343 1810 vestras
1357 1754 1518 1819 sententias,
1536 1761 1711 1825 vestramque
1733 1752 1828 1822 fldem,

120 1824 134 1847 ⁰
175 1844 292 1904 Ursinus
305 1849 452 1916 episcopos
463 1887 470 1910 ,
483 1845 524 1899 vir
537 1853 646 1898 sanctus
658 1853 685 1898 et
695 1843 754 1898 sine
769 1841 883 1898 crimine
893 1884 900 1911 ,
910 1856 978 1898 con·

175 1939 267 1995 solens
282 1937 368 2010 plebi,
384 1937 494 1993 tradidit
512 1953 543 1994 se
558 1938 682 1992 manibus
696 1936 866 2008 iniquorum,
880 1945 976 1992 etsex-

177 2042 205 2088 to
220 2032 326 2088 decimo
336 2028 467 2086 kalendas
489 2029 653 2085 Decembres
666 2030 789 2100 jussione
805 2031 977 2100 imperatoris

176 2122 209 2178 ad
234 2123 360 2179 exsilium
375 2132 472 2191 sponte
486 2119 650 2192 properarit.
668 2119 720 2177 Sed
737 2122 852 2192 populus
879 2122 976 2176 timens

176 2217 262 2272 Deum
277 2215 414 2286 nullisque
429 2212 663 2286 persecutionibus
687 2211 833 2286 fatigatus,
851 2231 904 2271 ttoo
926 2215 977 2270 im·
1000 2217 1001 2220 ’

175 2320 347 2382 peratorem,
364 2325 418 2363 oon
428 2309 563 2378 judicem,
579 2324 629 2365 uec
643 2308 730 2380 ipsum
745 2319 885 2367 auctorem
912 2324 975 2366 sce·

176 2404 265 2460 lerum
280 2413 307 2459 et
319 2400 484 2458 homicidam
497 2402 642 2457 Damasum
656 2402 753 2470 timuit,
763 2403 809 2459 sed
821 2418 868 2474 per
880 2418 977 2459 coenre·

176 2498 246 2554 teria
270 2507 420 2570 martyrum
448 2497 650 2553 stationessine
673 2492 781 2553 clericis
808 2497 972 2554 celebrabat.

173 2591 251 2650 Unde
264 2607 325 2648 cum
340 2591 373 2646 ad
387 2603 510 2647 sanctam
526 2570 629 2670 tt'guem
643 2590 720 2646 multi
743 2591 860 2646 fidelium
875 2607 975 2647 conte·

174 2688 291 2751 nissent,
301 2696 421 2742 armatus
429 2702 490 2743 curn
498 2684 663 2743 satellitibus
671 2686 729 2741 suis
738 2685 871 2742 baurasus
883 2686 972 2753 irruit,

174 2790 202 2836 et
226 2778 359 2850 plurimos
369 2777 528 2834 vastationis
541 2793 598 2834 suto
611 2788 702 2849 strage
713 2776 821 2847 dejecit.
836 2775 914 2847 Quod
936 2775 973 2833 fa·

173 2873 560 2928 ctutuerudetissttoumnitius
570 2870 793 2942 episcopisltaiiae
803 2871 972 2941 displicebat.

173 2965 246 3047 Quos
259 2968 406 3020 etiamcum
418 2957 972 3032 ad'uataiesuurnsolemniterintitusset,

173 3069 201 3114 et
216 3060 338 3114 nonnulli
354 3059 548 3115 convenissent
563 3073 596 3113 ett
619 3058 674 3125 eis,
692 3058 816 3128 precibus
840 3055 910 3127 apud
924 3072 972 3112 eos

173 3151 288 3208 molitur
311 3162 337 3207 et
352 3152 455 3221 pretio,
474 3163 501 3205 ut
515 3151 678 3206 sententiam
694 3150 720 3205 in
747 3158 870 3205 sanetum
896 3146 1008 3214 Ursi-c

174 3261 239 3301 num
264 3246 413 3315 proferant.
431 3244 482 3315 Qui
507 3242 721 3313 responderunt:
747 3241 803 3297 Nos
825 3238 858 3296 ad
882 3239 973 3296 natale

172 3340 367 3405 convertimus,
394 3354 448 3392 non
464 3346 493 3392 ut
508 3336 657 3391 inauditum
672 3335 843 3390 dattttteuttts.
859 3333 898 3388 lta
911 3347 974 3403 pta-

174 3451 208 3492 va
222 3437 282 3505 ejus
295 3435 409 3490 interitio
420 3434 507 3490 carnit
521 3449 575 3505 qno
590 3434 727 3488 nitebatur
742 3430 850 3488 effectu.
870 3429 973 3485 Exinde

172 3526 323 3602 presbyteri
340 3529 454 3585 dirersis
467 3529 554 3584 modis
570 3524 681 3591 afflicti.
698 3543 744 3597 per
755 3526 852 3583 exsilia
867 3533 895 3580 ot
921 3541 967 3595 pe·

171 3623 278 3693 regrina
291 3614 349 3678 loca
364 3621 481 3691 dispersi
496 3631 581 3688 sunt,
598 3637 631 3677 ex
646 3620 744 3691 quibus
758 3618 932 3675 llarcellinns
946 3627 973 3674 et

172 3713 319 3770 Faustinus
336 3713 507 3785 presbyteri,
532 3713 566 3769 de
595 3711 769 3768 eottfessiooe
787 3726 860 3766 verae
886 3709 970 3775 fidei,

171 3808 352 3864 ostentatione
375 3821 459 3861 sacrae
485 3805 703 3870 communionis,
731 3811 759 3857 et
781 3804 971 3870 persecutione
1007 3827 1012 3836 ·

170 3900 374 3956 adversantium
390 3899 518 3965 ueritati,
544 3912 638 3967 preces
653 3895 858 3966 Valentiniano,
883 3897 972 3954 Tltco-

171 3993 249 4050 doeio
260 4002 288 4049 et
297 3989 415 4048 Arcadio
429 3991 597 4062 principibus
605 3990 765 4047 obtulerunt
778 3991 825 4047 ita.

291 4124 917 4232 mmmmmm·

205 4269 228 4325 ι.
241 4269 423 4339 Deprecamnr
433 4269 670 4326 monsuetudinem
685 4280 803 4327 vestram
820 4314 828 4339 ‚
853 4272 969 4342 piissimi

170 4362 362 4436 imperatores,
379 4360 581 4428 Valentiniana
598 4363 736 4419 Theodosi
757 4373 785 4420 et
805 4364 915 4431 Arcadi,
941 4375 970 4422 ut

172 4456 230 4512 baec
245 4456 272 4511 itt
286 4455 518 4526 contemplatione
529 4454 629 4512 Citristi
645 4455 707 4512 Filii
724 4458 771 4513 Dei
789 4458 833 4528 qui
847 4468 968 4515 restrum

1029 1864 1090 1906 cum
1103 1848 1189 1904 sacris
1205 1847 1402 1920 scripturarum
1413 1846 1566 1902 divinarum
1581 1845 1726 1903 sententiis
1739 1856 1766 1902 et
1777 1849 1829 1918 piis

1029 1941 1248 1998 confessionibus
1262 1941 1420 1996 convenire.

1066 2032 1100 2090 ll.
1115 2033 1170 2090 Sed
1186 2034 1249 2101 boc,
1264 2048 1326 2089 cum
1340 2035 1425 2106 magis
1441 2042 1503 2104 post
1517 2033 1704 2091 atrocissimae
1729 2035 1829 2104 prioris

1029 2129 1160 2198 temporis
1178 2129 1381 2199 persecutiones
1391 2128 1490 2200 jurare
1502 2135 1624 2184 sanctam
1646 2129 1759 2187 deberet
1774 2131 1824 2186 Ec·
1867 2118 1871 2125 ’

1028 2223 1152 2292 clesiam,
1170 2219 1367 2296 magisafssigit,
1379 2238 1440 2279 cum
1449 2221 1531 2281 iidem
1545 2227 1596 2299 ipsi
1608 2225 1712 2298 egregii
1722 2225 1827 2296 episco-

1030 2312 1067 2390 pi,
1083 2317 1128 2389 qui
1144 2333 1204 2374 eam
1218 2320 1335 2374 antebac
1348 2318 1399 2374 suli
1414 2319 1566 2377 assertione
1579 2320 1623 2376 vel
1640 2300 1754 2376 assensu
1770 2324 1827 2376 itas·

1029 2425 1123 2466 roseos
1138 2410 1272 2479 persecuti
1286 2419 1361 2477 sunt,
1373 2426 1446 2466 nunc
1463 2426 1571 2483 quoque
1591 2413 1642 2470 sub
1662 2412 1825 2471 attctorltate

1028 2501 1157 2558 catbttlici
1173 2503 1292 2558 nominis
1307 2514 1517 2576 persequuntur,
1533 2514 1560 2562 et
1574 2514 1677 2576 quanto
1689 2519 1762 2562 nurtc
1776 2505 1827 2561 sub

1027 2595 1157 2651 ementita
1185 2595 1236 2666 pie
1266 2595 1328 2652 fidei
1352 2597 1522 2669 professione
1554 2598 1606 2654 ltuc
1630 2599 1828 2655 fraudulentius

1027 2693 1121 2758 agunt,
1137 2696 1213 2741 tanto
1227 2697 1254 2742 et
1267 2687 1448 2755 perniciosius
1461 2700 1630 2757 grassantur,
1647 2699 1673 2745 et
1686 2689 1827 2746 dolentius

1027 2780 1250 2844 astuai‘seritas,
1275 2778 1348 2849 qnod
1369 2779 1394 2833 ei
1421 2779 1511 2836 adbuc
1536 2791 1589 2835 non
1616 2781 1678 2837 licet
1699 2794 1749 2836 nee
1774 2780 1826 2837 snb

1027 2873 1106 2926 robis
1123 2869 1333 2941 imperatoribus
1347 2871 1392 2942 qui
1405 2873 1474 2943 piam
1487 2871 1567 2928 fidem
1586 2873 1733 2930 defenditis
1748 2916 1756 2943 ,
1779 2889 1824 2931 re·

1027 2963 1141 3032 spirare.
1160 2963 1214 3018 Sed
1227 2978 1261 3019 ue
1280 2962 1374 3018 hnead
1391 2964 1517 3020 insidiam
1534 2964 1591 3022 siue
1614 2967 1653 3022 rel
1683 2967 1825 3039 probatio-

1027 3073 1062 3114 ne
1076 3057 1178 3114 referre
1192 3057 1347 3123 rideantur,
1377 3073 1485 3114 etiosam
1499 3068 1528 3115 ut
1543 3074 1689 3132 possumus
1704 3063 1826 3133 explica-

1026 3168 1097 3206 mns.
1108 3150 1273 3220 Quaesumus
1285 3158 1375 3208 autem
1387 3153 1524 3224 supplices
1541 3197 1549 3222 ,
1575 3162 1709 3224 quatenus
1737 3156 1825 3227 regias

1026 3259 1107 3300 aures
1118 3254 1222 3300 vestras
1234 3245 1313 3300 nobis
1326 3246 1515 3316 exiguissimis
1542 3247 1722 3303 comnmdetis
1736 3290 1743 3313 ,
1759 3250 1823 3303 dnm

1025 3334 1194 3394 ostendimus
1208 3354 1261 3393 non
1278 3355 1326 3392 uos
1339 3349 1401 3394 esso
1413 3336 1572 3406 lraereticos,
1589 3348 1617 3395 et
1631 3349 1722 3395 tamen
1745 3341 1823 3412 quasi

1026 3432 1169 3487 iimreticos
1189 3431 1364 3487 vehementer
1379 3428 1462 3502 afiligi
1477 3450 1482 3486 :
1496 3447 1557 3488 cum
1573 3447 1624 3488 uec
1649 3433 1699 3503 ipsi
1715 3437 1759 3504 qui
1774 3448 1825 3489 nos

1024 3525 1199 3580 veliementer
1211 3524 1345 3596 affligunt,
1363 3523 1407 3578 sel
1421 3525 1488 3580 socii
1501 3537 1607 3592 eorum,
1621 3527 1728 3598 possint
1749 3542 1822 3583 truttc

1023 3614 1114 3672 dicere
1128 3616 1170 3672 rel
1183 3618 1298 3687 probare
1312 3615 1382 3687 quod
1397 3617 1483 3671 simus
1498 3617 1628 3673 itaeretici.
1649 3617 1702 3674 Sed
1717 3621 1822 3688 nequi·

1024 3693 1086 3765 tient
1101 3709 1136 3764 de
1147 3723 1177 3764 se
1192 3725 1302 3780 ttegore,
1317 3709 1389 3780 quod
1407 3709 1544 3780 superiori
1561 3717 1684 3782 tempore
1697 3712 1823 3768 iimreeim

1023 3813 1071 3858 aut
1090 3804 1223 3858 acerrime
1241 3803 1454 3867 vindicaverim.
1477 3819 1549 3859 eum·
1566 3803 1730 3861 intolerabili
1752 3820 1817 3877 sup·

1023 3894 1105 3968 plicio
1134 3896 1264 3960 bdelium.
1282 3905 1329 3952 aut
1353 3905 1428 3954 certe
1441 3899 1465 3953 ei
1478 3908 1572 3954 monus
1599 3896 1733 3967 dederint,
1745 3898 1823 3953 dant·

1024 3996 1086 4043 nata
1111 3987 1247 4045 catholica
1282 3988 1335 4044 lide
1357 4004 1438 4058 qnam
1461 3991 1535 4060 prins
1555 3989 1735 4057 asserebant,
1758 3990 1821 4046 dnm

1022 4089 1144 4136 metuont
1157 4096 1206 4151 pro
1219 4080 1329 4137 Ultristo
1343 4081 1415 4137 Filio
1427 4081 1475 4137 Dei
1488 4082 1613 4137 exsilium
1627 4083 1732 4153 perpeti
1747 4125 1755 4152 ,
1771 4098 1821 4154 pro

1021 4189 1075 4245 quo
1089 4177 1170 4230 etiarn
1182 4175 1252 4230 luico
1268 4172 1343 4230 fideli
1363 4176 1466 4246 quaeris
1479 4189 1553 4230 mors
1568 4174 1737 4230 atrocissima
1752 4175 1820 4232 sub·

1021 4256 1110 4321 eunda
1131 4273 1173 4321 est
1188 4281 1196 4320 ι
1211 4267 1275 4336 quia
1290 4264 1369 4320 nobis
1392 4265 1522 4321 donatum
1537 4274 1597 4333 est,
1615 4265 1691 4320 nteit
1704 4265 1821 4338 Aposto-

1020 4356 1064 4412 lus
1078 4354 1222 4430 (Philipp,
1239 4371 1259 4423 t,
1273 4356 1338 4427 att),
1354 4370 1403 4427 pro
1415 4354 1525 4411 Citristo
1551 4370 1604 4411 uon
1630 4362 1733 4411 tantum
1750 4366 1779 4412 ut
1793 4359 1819 4413 in

1020 4464 1083 4505 eum
1096 4448 1248 4511 credamus.
1273 4448 1321 4504 sed
1339 4459 1367 4503 ut
1390 4454 1419 4503 et
1443 4463 1490 4518 pro
1510 4448 1558 4503 illo
1582 4450 1726 4520 patiamur.
1741 4449 1817 4507 Talis

140 4584 146 4603 t
167 4549 243 4618 jurat
253 4528 407 4619 imperium,
422 4548 624 4617 infatigabiliter
637 4549 728 4619 legere
738 4548 897 4620 dignemini.
915 4552 966 4606 Stt·
982 4544 1093 4606 Denirn
1109 4556 1183 4597 lll⁰l⁵
1196 4542 1238 4597 lei
1254 4542 1357 4612 bittit).
1369 4540 1584 4598 immortalitatis
1594 4546 1703 4599 occatio
1713 4551 1764 4599 est·

169 4640 253 4697 blime
267 4657 379 4713 regnunt
395 4652 517 4697 restrum
529 4651 584 4696 tum
598 4641 632 4695 ad
646 4642 810 4697 sublimiora
826 4684 832 4708 ,
851 4641 899 4697 bet
914 4643 966 4698 Pa·

171 4732 221 4788 tris
234 4734 429 4802 omnipotentis
440 4731 578 4789 ethristi
590 4732 722 4803 unigeniti
732 4733 793 4788 Filii
808 4734 867 4804 ejus
877 4735 968 4806 opitu-

169 4823 271 4880 latione
291 4823 468 4888 cooscendit,
483 4839 545 4878 cum
561 4838 612 4879 uec
640 4824 665 4878 in
682 4824 787 4895 exiguis
811 4825 967 4886 bontinibus

169 4913 310 4986 despicitis
326 4913 490 4984 veritatem,
509 4931 557 4971 nec
585 4916 612 4970 in
638 4916 731 4972 multis
744 4918 787 4973 rel
811 4921 967 4991 potentibus

168 5006 497 5067 mendaciuntraberatis.
515 5008 571 5066 lioc
593 5010 693 5066 etenim
713 5011 893 5081 iustissimum
924 5023 967 5072 est

169 5111 197 5159 et
210 5102 420 5160 saluberrimum
442 5100 511 5169 apud
535 5117 648 5172 regtutm
660 5102 784 5172 irretitis,
797 5115 828 5160 ut
841 5120 966 5174 perseum

169 5197 318 5266 probentur
329 5209 361 5250 ex
377 5192 475 5250 tuerito
487 5191 622 5258 veritatis,
637 5209 690 5248 nou
705 5199 805 5250 veritas
817 5212 965 5268 praesuma·

168 5295 265 5342 turer
288 5286 408 5357 putentia
431 5300 620 5358 personatum.
647 5285 787 5357 Siquidem
807 5289 852 5359 jus
872 5291 966 5347 sae'culi

66 5361 75 5374 ’
169 5376 230 5431 ideo
244 5378 375 5447 scriptum
397 5387 449 5445 est,
466 5393 501 5434 ne
516 5387 611 5434 contra
636 5392 731 5434 rerum
759 5394 901 5452 aequumve
915 5398 965 5454 po-

168 5468 306 5524 tertiaret
320 5469 466 5525 multitudo
488 5471 645 5542 prevaleat,
665 5471 771 5527 etiamsi
797 5474 833 5528 sb
858 5473 964 5545 exiguis

165 5551 329 5616 iindioetur.
342 5557 419 5627 Quod
432 5562 457 5618 st
468 5560 528 5621 beo
542 5564 616 5620 unta
629 5574 705 5632 cura,
717 5565 799 5621 etiam
826 5564 855 5620 tn
880 5563 963 5621 rebus

1060 4633 1104 4692 ttt.
1126 4635 1186 4692 Non
1200 4636 1266 4691 latet
1277 4637 1513 4692 mansuetudinem
1525 4649 1552 4692 et
1568 4636 1694 4696 devotam
1704 4636 1761 4693 Deo
1773 4655 1817 4694 re·

1021 4729 1149 4800 ligionent
1165 4737 1295 4794 restrum,
1311 4744 1392 4800 quam
1407 4729 1489 4799 impia
1504 4743 1621 4799 quamve
1643 4729 1772 4802 pestifera
1783 4728 1821 4786 sit

1022 4822 1133 4878 baeresis
1143 4823 1253 4888 tlrlana,
1267 4830 1363 4878 eontra
1379 4837 1458 4893 quam
1473 4823 1623 4892 apatribus
1635 4825 1737 4880 nostris
1747 4823 1818 4894 apud

1021 4914 1138 4972 Nicaeam
1154 4915 1263 4986 speciali
1275 4916 1368 4986 rigore
1387 4917 1572 4986 conscriptum
1588 4925 1650 4971 est:
1668 4916 1703 4971 ita
1715 4926 1744 4972 ut
1754 4933 1820 4989 apo·

1021 5009 1125 5064 stolium
1140 5008 1199 5065 fidei
1216 5008 1258 5076 pia
1272 5008 1409 5063 confessio
1426 5020 1605 5079 seruaretur,
1628 5018 1709 5081 atque
1733 5010 1819 5081 ipsius

1021 5101 1159 5158 hereseos
1174 5112 1304 5172 perpetua
1319 5100 1495 5157 damnatione
1511 5101 1674 5169 firmaretur,
1701 5116 1736 5158 ne
1756 5103 1818 5173 quis

1018 5192 1074 5249 falli
1092 5200 1186 5263 posset
1197 5193 1223 5247 in
1244 5190 1370 5262 posteris.
1384 5191 1438 5247 Sed
1449 5192 1542 5260 Atius,
1559 5202 1586 5249 ot
1597 5190 1816 5263 corPltaraoois,

1018 5303 1074 5344 non
1088 5287 1203 5342 credens
1214 5286 1335 5341 utrinam
1352 5285 1378 5341 in
1393 5299 1423 5342 se
1435 5287 1599 5343 tuncdatatn
1613 5286 1697 5345 fuisse
1708 5297 1818 5344 senten-

1017 5383 1093 5448 tiam,
1109 5381 1200 5437 nescio
1215 5396 1267 5452 qua
1280 5381 1385 5438 ratione
1401 5381 1410 5414 ¹
1423 5379 1559 5451 subripuit
1575 5382 1645 5453 apud
1661 5382 1817 5440 Constanti·

1017 5491 1092 5543 oum,
1107 5493 1220 5550 sperans
1230 5477 1302 5550 quod
1315 5478 1401 5550 ipsius
1415 5477 1546 5548 suffragio
1557 5480 1715 5550 speciatitrm
1724 5494 1816 5537 saeer-

1016 5566 1111 5630 dotum
1122 5565 1256 5628 sententia
1270 5571 1398 5639 renisu,
1410 5571 1496 5641 recipi
1511 5577 1602 5644 posset
1612 5571 1639 5627 iu
1651 5568 1813 5633 Ecclesiam.

204 5730 256 5784 tx
262 5733 462 5806 mammaea
471 5735 644 5817 θοιιοιιιιο,
657 5743 1110 5827 carminiscarminis..
