3900 6134
87 338 122 396 97
589 335 757 396 ttestttts
776 334 917 399 PRECUH
936 340 983 399 ab
1003 339 1261 409 tursstrosss.
1711 360 1748 422 98

88 457 144 512 hoc
158 464 248 510 tntrmr
275 453 456 525 corporaliter
479 453 620 525 agebatur,
643 455 731 513 donec
754 466 892 513 cresceret
905 458 932 521 Α
944 461 1046 519 minico
1057 461 1215 535 sublatum,
1230 468 1256 524 in
1273 467 1376 539 templo
1397 467 1449 528 sub
1472 471 1588 543 pedibus
1613 473 1679 533 idoli
1694 492 1746 550 po·

88 551 239 608 instructio
250 547 405 619 spiritualis.
426 546 480 604 Sed
503 561 557 603 non
572 591 579 614 ‚
596 547 659 619 qnia
674 564 746 606 nnnc
759 562 813 605 non
830 549 893 605 licet
944 566 1067 610 suerrmt.

90 645 178 707 horris
191 653 219 700 et
240 640 366 697 lidelibus
390 640 523 696 lalsornm
545 641 717 698 sacerdotum
731 643 891 713 sangninem
980 645 1052 704 ltxt.
1069 649 1132 706 llaec
1147 653 1238 723 otique
1257 654 1295 710 illi
1321 655 1421 713 iaciunt
1447 658 1492 729 qui
1516 673 1565 731 per
1579 663 1745 732 prenitentes

91 754 213 810 cupere,
230 736 332 792 idcirco
350 734 445 791 ildeles
461 733 537 790 lalcis
548 734 737 792 sacerdotibus
749 735 893 793 addicendi
944 739 978 796 de
992 742 1076 812 impia
1096 744 1300 816 subscriptione
1314 750 1433 819 suscepti
1456 752 1567 806 suntad
1581 754 1743 812 capitolinam

91 840 173 894 suut,
187 831 221 885 ita
234 827 444 899 utgrarissinris
456 843 552 883 etrrrrm
567 829 805 899 persecutionibus
825 828 893 884 aidi·
943 830 1115 904 disciplinam
1133 846 1244 908 propter
1259 841 1357 895 bonrrm
1382 842 1456 912 pacis
1482 852 1510 899 et
1535 845 1656 902 unitatis.
1672 845 1744 915 Quid

91 935 198 996 gantur.
214 922 326 978 Falsum
348 921 472 978 rideatur
487 921 559 991 puod
583 922 716 991 dicimus,
731 925 755 980 si
779 940 832 980 non
846 939 892 979 ra·
942 925 1170 997 grarinsgentilis
1184 930 1274 985 cultor
1297 930 1432 989 idolorum
1459 932 1579 1003 laceret,
1593 936 1615 992 si
1632 936 1746 995 baberet

90 1018 138 1074 riis
159 1017 186 1073 in
204 1016 272 1072 locis
287 1015 418 1071 Ecclesia
442 1015 561 1071 bdelium
584 1017 755 1073 sacerdotum
771 1017 835 1073 alihi
851 1018 890 1073 in·
944 1017 1082 1074 licentiam
1106 1021 1253 1079 Ecclesiam
1269 1027 1475 1097 persequendi?
1496 1027 1549 1087 Sed
1563 1030 1634 1100 apud
1649 1029 1746 1088 Trepp.

91 1126 181 1179 rasae,
195 1119 223 1167 et
234 1110 300 1165 alibi
315 1109 463 1167 destructae
485 1120 549 1164 sunt
565 1127 572 1162 ι
589 1111 612 1166 si
626 1126 680 1165 nnn
693 1111 892 1182 interpellatio·
943 1125 989 1165 ros
1002 1111 1126 1169 Bonosus
1142 1115 1286 1187 presbyter
1301 1117 1441 1186 inclusus,
1457 1120 1619 1190 intestatus,
1643 1138 1675 1179 ac
1697 1124 1745 1183 diu

90 1207 172 1262 nibus
183 1204 295 1260 illorum
309 1204 397 1259 sancti
413 1202 514 1274 quique
533 1203 723 1275 comprehensi
737 1247 744 1271 ,
757 1213 785 1260 et
796 1206 842 1261 diu
856 1204 891 1261 ad
943 1216 1038 1272 poenas
1048 1220 1131 1261 serres
1145 1206 1220 1264 dedit
1232 1218 1342 1280 propter
1357 1211 1559 1269 observantiam
1574 1216 1743 1276 intaminata

91 1299 206 1370 impurias
218 1297 329 1363 inclusi,
346 1305 374 1351 et
387 1305 526 1366 postremo
537 1296 612 1351 missi
626 1306 690 1380 sunt
703 1297 729 1350 in
745 1296 889 1352 exsilium:
943 1292 1005 1350 ddei
1033 1296 1122 1364 illius,
1153 1316 1203 1384 pro
1217 1317 1268 1373 qua
1285 1311 1313 1360 et
1336 1305 1452 1378 inclytus
1474 1308 1602 1365 Paulinus
1621 1310 1744 1382 eiusdem

91 1394 115 1448 si
135 1408 190 1447 non
205 1391 284 1446 etiarn
296 1396 324 1445 et
343 1389 437 1444 caeteri
452 1389 561 1459 qnidam
587 1388 756 1453 incarcere,
781 1388 825 1444 alii
840 1402 890 1442 au·
942 1389 1059 1445 civitatis
1073 1393 1217 1466 episcopus
1238 1397 1265 1452 in
1280 1399 1378 1455 exsilio
1394 1411 1498 1474 martyr
1519 1376 1636 1460 animant
1655 1405 1741 1463 dedit.

95 1497 153 1543 tem
171 1485 251 1542 tracti
264 1494 290 1541 et
311 1483 386 1540 crode
400 1484 507 1538 nrultati
523 1483 627 1538 animas
642 1481 837 1548 reddiderunt,
855 1482 891 1538 ob
942 1480 971 1537 Ιιι
985 1485 1041 1553 ipsa
1056 1501 1164 1557 quoque
1180 1489 1247 1546 urbe
1269 1489 1393 1549 Romana
1406 1512 1487 1566 quam
1502 1513 1599 1568 graves
1615 1514 1743 1571 persecu.

90 1675 154 1732 dicii
173 1674 305 1730 nolebant
322 1671 525 1728 communicare
539 1683 599 1724 com
615 1668 727 1739 perlldis
752 1667 797 1734 rel
809 1667 892 1723 sociis
942 1668 1084 1738 episcopus
1098 1675 1301 1732 communicans
1312 1678 1613 1752 beatissimoGregorio
1625 1684 1743 1742 sillictus

88 1771 268 1842 perfidorum·
942 1760 1003 1814 cstl
1018 1760 1070 1816 Sed
1088 1762 1131 1818 lric
1146 1765 1187 1820 rir
1201 1777 1312 1824 sarrctos
1323 1811 1331 1839 ,
1344 1770 1407 1826 lieet
1420 1772 1456 1827 sit
1467 1789 1655 1844 saepenumero
1670 1776 1741 1833 alili·
1822 1754 1824 1758 Ι

125 1862 185 1918 ltlt.
200 1861 228 1917 ln
241 1859 372 1930 llispania
389 1856 547 1913 Vincentius
560 1854 714 1927 presbyter,
739 1868 812 1910 seraa
826 1851 887 1908 ildei
903 1854 1017 1919 Bctus,
1036 1862 1126 1912 tannen
1143 1860 1252 1930 propria
1278 1862 1435 1919 accersione
1449 1866 1593 1935 requievit.
1609 1867 1638 1922 ln
1654 1867 1743 1925 blaca-

87 1958 223 2022 arctoos,
260 1968 329 2026 quas
367 1968 421 2007 non
455 1948 612 2032 atrocitates
653 1949 889 2018 praevaricatorum
942 1946 1092 2004 rinmvero
1117 1952 1305 2024 presbyterum
1329 1956 1572 2027 multaimpiorum
1593 1961 1742 2018 commissa

87 2067 189 2125 passus
200 2061 256 2118 est,
270 2065 303 2107 eo
317 2047 387 2120 quod
410 2045 496 2102 nollet
504 2060 566 2100 esse
580 2043 672 2099 socius
687 2040 777 2111 impiae
789 2053 891 2111 praera-
941 2048 1014 2095 sunt.
1028 2041 1076 2097 llic
1091 2055 1149 2098 crat
1171 2045 1198 2100 in
1218 2046 1312 2103 eadem
1337 2049 1405 2105 nrhe
1425 2049 1510 2106 lloma
1526 2054 1667 2127 presbyter
1689 2054 1742 2110 ιιιι·

85 2144 234 2203 nicationis
245 2143 371 2205 illorum,
388 2156 422 2196 eo
436 2138 509 2209 quod
523 2137 603 2193 beato
618 2134 752 2205 Gregorio
766 2148 892 2190 commo·
942 2146 979 2187 ree
1004 2135 1200 2204 continentia,
1224 2153 1277 2194 non
1307 2140 1371 2197 rino
1395 2142 1565 2200 stomachum
1593 2146 1720 2202 relevans
1733 2186 1742 2214 ,

85 2237 196 2295 nicaret
208 2237 221 2292 i
234 2234 289 2299 illi,
302 2235 425 2305 inquam,
439 2231 595 2304 Gregorio,
611 2231 691 2299 cttjus
704 2222 786 2310 supra
801 2238 830 2282 ut
840 2241 890 2298 po·
942 2239 995 2281 non
1009 2228 1100 2284 carnis
1112 2229 1262 2287 esculentia
1286 2246 1389 2303 corpus
1403 2248 1519 2306 curans,
1536 2237 1583 2293 scd
1603 2238 1665 2293 oleo
1681 2239 1740 2296 solo

85 2331 190 2388 inimus
215 2329 296 2385 iidem
309 2329 493 2398 virtutemque
517 2325 669 2382 retulimus.
686 2320 787 2379 Contra
809 2336 890 2394 quern
942 2331 1019 2372 escas
1041 2321 1194 2390 asperiores
1219 2324 1360 2395 mitigans,
1384 2327 1496 2400 jeiuniis
1520 2337 1549 2386 ct
1573 2332 1744 2390 orationibus

84 2423 204 2495 primum
238 2420 348 2492 quidem
374 2418 583 2490 interpellarunt
611 2415 718 2471 Baeticae
744 2413 891 2484 provinciae
942 2427 1052 2469 vacans.
1067 2415 1138 2473 Saone
1154 2420 1316 2488 promerito
1345 2420 1408 2477 ddei
1419 2433 1447 2480 et
1463 2423 1640 2481 abstinentiae
1654 2426 1741 2484 lrabe-

84 2515 258 2572 consularem
275 2530 282 2569 ι
297 2523 362 2568 tunc
375 2510 485 2567 demum
499 2550 506 2574 ,
519 2510 570 2565 snb
582 2510 675 2580 specie
685 2504 891 2562 intercessionis
942 2504 986 2560 bat
999 2509 1113 2576 gratiam
1128 2511 1215 2566 sancti
1239 2511 1357 2583 Spiritus
1383 2514 1410 2570 in
1424 2514 1495 2582 hoc,
1524 2526 1552 2572 ut
1565 2518 1600 2575 de
1621 2518 1744 2576 obsessis

85 2611 242 2684 postulatae,
256 2625 290 2666 er
301 2610 362 2665 aliis
376 2607 445 2663 locis
458 2605 560 2676 plebeia
575 2604 711 2675 colligitur
721 2600 866 2657 multitudo
881 2614 889 2653 ι
941 2598 1104 2668 corporibus
1126 2600 1239 2673 ejiceret
1262 2603 1407 2662 damnaria.
1432 2607 1495 2663 ldco
1510 2609 1592 2665 sitam
1606 2610 1665 2682 ejus
1681 2626 1740 2668 me·

85 2715 114 2763 et
137 2707 244 2762 irruunt
268 2704 315 2760 die
341 2702 476 2758 dominica
490 2699 517 2755 in
539 2697 704 2765 ecclesiam,
727 2704 754 2753 ct
770 2694 890 2750 llinccn·
941 2689 1079 2764 ritumque
1094 2697 1323 2768 memoravimus,
1338 2712 1367 2755 ut
1382 2709 1457 2758 ιιιιῑο
1472 2703 1558 2775 magis
1574 2704 1649 2775 impii
1663 2705 1738 2777 judi-

86 2799 154 2855 rtnm
179 2796 289 2870 quidem
307 2812 361 2851 oon
377 2794 540 2858 inveniunt,
561 2806 595 2847 co
610 2789 682 2862 quod
703 2791 761 2860 ipse
775 2800 891 2859 praemo-
941 2793 1037 2839 centur
1060 2785 1100 2854 ii,
1118 2787 1164 2857 qui
1189 2789 1256 2847 tales
1269 2791 1362 2849 rivere
1383 2807 1438 2850 non
1453 2795 1548 2852 sinuot
1570 2797 1599 2852 in
1614 2795 1740 2857 Romano

86 2889 182 2956 nitus,
198 2889 280 2946 etiam
308 2887 411 2959 populo
426 2883 595 2956 predixerat
619 2897 655 2938 ne
668 2880 716 2937 illo
733 2880 778 2935 die
792 2891 890 2949 proce·
943 2873 1068 2945 imperio-

84 2984 182 3055 deret,
197 2981 306 3057 qnando
328 2997 390 3039 cum
405 2981 481 3038 caede
504 2978 659 3036 vestiebant.
684 2975 742 3032 lloc
756 2974 827 3031 enim
842 2989 892 3044 pn·
977 2966 1060 3024 ltlttl.
1088 2968 1187 3027 Eodem
1215 2983 1328 3045 tempore
1354 2979 1445 3049 gratis
1468 2978 1599 3038 adversus
1626 2989 1736 3040 nostros

85 3080 157 3135 tarit
172 3078 229 3135 deri
249 3077 362 3144 melius,
378 3076 403 3132 si
425 3075 472 3131 irre
497 3074 587 3130 locum
601 3070 687 3127 daret.
706 3068 760 3126 Sed
788 3067 827 3123 illi
843 3066 890 3138 qui
942 3066 1097 3135 persecutio
1115 3066 1305 3136 inhorruerat,
1332 3069 1478 3130 infestante
1492 3074 1610 3134 Damaso
1630 3077 1739 3149 egregio

85 3173 124 3230 ad
140 3171 241 3229 oedeot
257 3170 345 3243 parati
359 3176 505 3237 reiterant,
528 3183 563 3223 ne
586 3167 645 3222 sine
658 3178 738 3221 cansa
764 3164 838 3218 luror
855 3160 890 3215 il·
942 3157 1165 3233 archiepiscopo,
1181 3161 1218 3217 ita
1234 3171 1263 3218 nt
1276 3163 1400 3221 ildelibus
1414 3166 1603 3224 sacerdotibus
1624 3184 1673 3239 per
1683 3170 1743 3227 dies

85 3266 178 3324 tarum
198 3266 307 3322 uenisse
332 3272 484 3334 putaretur,
500 3271 575 3317 certa
595 3258 706 3314 Christo
721 3255 778 3311 Deo
791 3246 926 3312 devotaC
942 3262 1035 3306 sacros
1048 3250 1135 3322 plebis
1161 3263 1249 3310 coetns
1271 3255 1304 3311 ad
1331 3256 1541 3315 deserviendum
1564 3255 1675 3316 Christo
1689 3258 1747 3320 Deo

85 3359 239 3417 ministeria
253 3372 315 3429 «puae
326 3355 383 3412 illic
401 3355 511 3411 inventa
527 3360 591 3407 sunt
605 3391 613 3418 ,
627 3349 663 3405 ita
679 3347 797 3403 instilrus
810 3346 893 3402 elise·
945 3359 1097 3400 conuocare
1118 3345 1203 3403 libere
1226 3363 1279 3404 non
1296 3349 1400 3407 liceret.
1423 3350 1476 3409 Sed
1491 3353 1553 3423 quia
1579 3368 1630 3424 pro
1649 3354 1746 3411 coodi-

85 3461 166 3519 ΝΜ,
181 3459 211 3506 ,η
226 3466 280 3505 no..
294 3448 380 3505 mutio
392 3453 454 3518 post
467 3445 648 3516 exspirarent.
664 3440 717 3498 Sed
733 3440 795 3511 qtria
809 3438 893 3510 plebs
945 3436 1019 3491 tione
1032 3453 1123 3492 rernm
1143 3440 1265 3510 qrrolibet
1276 3453 1418 3515 tempore,
1434 3446 1475 3502 rel
1489 3447 1560 3502 clam
1579 3447 1675 3504 salutis
1694 3463 1747 3506 no-

84 3551 181 3602 sancta
197 3541 334 3598 vincentii
350 3538 503 3612 presbyteri
528 3537 614 3609 inagis
627 3551 675 3592 eos
690 3535 697 3565 ¹
712 3532 894 3604 precabantur
944 3537 1009 3586 strae
1021 3544 1190 3588 sacramenta
1212 3534 1333 3592 iacienda
1358 3547 1436 3607 sunt,
1458 3539 1528 3597 idem
1542 3551 1653 3598 sanctus
1667 3556 1746 3613 pres·

86 3639 226 3714 pastillas
241 3652 335 3694 eorum
351 3635 441 3692 cedes
453 3648 514 3706 quae
529 3633 557 3688 in
573 3630 713 3687 Dondnico
724 3627 801 3684 lactc
815 3638 890 3695 sunt,
944 3622 1024 3695 bpter
1039 3624 1172 3682 Macarius
1186 3628 1232 3683 dat
1244 3630 1352 3699 vigillas
1371 3632 1397 3687 in
1408 3632 1525 3701 predam
1548 3629 1632 3693 donro
1643 3651 1745 3692 conrn-

88 3734 196 3806 egressi
220 3730 361 3804 episcopi,
386 3736 419 3784 ut
446 3726 523 3798 plebs
537 3726 665 3781 universa
681 3729 841 3789 terreretur,
857 3717 892 3774 ab
944 3731 1008 3773 care
1029 3717 1243 3785 maternitatem,
1260 3730 1289 3776 nt
1312 3721 1355 3779 rel
1371 3733 1452 3779 noctu
1466 3725 1565 3780 divinis
1580 3725 1745 3783 lectionibus

84 3831 153 3903 ipsis
166 3825 364 3901 principalibus
378 3822 522 3891 incipiant.
538 3818 662 3889 lienique
682 3813 821 3889 postulant
844 3828 894 3870 ct·
944 3808 1024 3866 iidem
1040 3811 1116 3881 plebs
1131 3822 1225 3869 sancta
1248 3814 1399 3872 roboraret.
1423 3815 1477 3873 Sed
1497 3818 1623 3875 diabolus
1640 3819 1686 3890 poi
1702 3818 1745 3875 la·

85 3923 252 3982 bibitionem
272 3919 450 3977 decurionum
464 3914 582 3971 ciritatis
603 3910 697 3977 illios,
723 3919 753 3965 ut
768 3907 893 3964 include-
943 3912 988 3958 ret
1004 3903 1114 3976 impiis,
1131 3907 1192 3978 quia
1211 3915 1239 3963 et
1263 3908 1338 3983 impii
1361 3909 1452 3966 tarent
1477 3910 1606 3982 diabolo,
1639 3928 1690 3971 nec
1717 3915 1743 3971 in

87 4029 188 4077 rentur
201 4016 228 4072 ln
251 4027 389 4071 carcerem
405 4029 413 4067 ι
429 4026 463 4066 ex
478 4008 575 4081 quihus
590 4020 660 4060 unus
672 4001 830 4073 principalis
845 4015 892 4072 pa·
943 3997 1052 4052 occulto
1068 4000 1167 4067 patitur
1193 3999 1284 4056 diviua
1310 4013 1480 4059 sacramenta
1493 4005 1640 4062 celebrari.
1663 4006 1746 4063 Detri-

86 4112 153 4168 triae
175 4123 247 4175 suae,
262 4123 294 4164 eo
309 4105 381 4177 qnod
403 4101 483 4158 fldem
498 4100 613 4156 Driniter
637 4102 666 4152 nt
680 4093 768 4151 lldelis
782 4094 809 4149 in
836 4092 892 4149 Deo
943 4103 996 4161 qrre
1012 4091 1126 4146 tendunt
1141 4092 1253 4148 insidias
1275 4093 1367 4150 clerici
1383 4094 1512 4164 Damasi,
1527 4105 1555 4154 et
1578 4097 1624 4154 ubi
1640 4113 1743 4171 cogno-

86 4203 234 4269 pertineret,
247 4212 395 4255 exsecrans
406 4195 493 4249 labeni
506 4187 748 4265 prevaricationis,
760 4187 892 4240 intereos
943 4191 1042 4238 rerunt
1068 4182 1140 4254 qood
1163 4199 1255 4241 sacras
1279 4186 1384 4256 vigilias
1408 4188 1563 4245 celebraret
1587 4191 1746 4263 complebo

87 4302 119 4353 οι
131 4296 189 4367 ipse
202 4302 345 4350 catenatus
357 4288 445 4355 ianae,
458 4285 558 4358 lrigorc
569 4289 681 4339 necatos
695 4288 757 4348 est,
773 4292 835 4334 cum
845 4292 893 4348 ge-
944 4275 1086 4349 presbyter
1098 4276 1245 4346 Macarius,
1266 4279 1371 4336 irruunt
1395 4294 1457 4336 cum
1477 4281 1642 4339 olllcialibus
1668 4284 1695 4340 io
1711 4284 1747 4340 il·

85 4388 158 4445 ιιιιιιι
173 4393 200 4443 et
223 4385 290 4441 iletn
305 4383 378 4438 illius
392 4378 541 4453 provinciae
564 4392 625 4447 qrrae
644 4373 786 4429 honestam
807 4370 891 4426 uitam
943 4366 1000 4424 lam
1014 4368 1142 4437 domum,
1170 4378 1198 4426 et
1212 4370 1318 4441 plebem
1332 4371 1467 4442 dissipant
1480 4388 1535 4429 non
1552 4373 1744 4442 resistentem,

85 4482 153 4553 ejus
174 4479 274 4549 optime
296 4484 417 4532 noverat.
443 4471 553 4544 Egregii
573 4477 602 4526 et
627 4467 752 4524 catholici
769 4463 891 4537 episcopi
943 4459 1087 4532 ipsumque
1099 4463 1287 4536 presbyterum
1300 4465 1610 4534 comprehensum,noo
1622 4468 1681 4539 jam
1693 4469 1744 4524 du·

86 4571 225 4631 Luciosus
236 4578 264 4627 et
279 4568 400 4643 llyginus
414 4565 494 4635 hrrjns
509 4560 678 4620 crudelitatis
691 4571 817 4616 auctores
833 4558 893 4616 lue·
943 4567 1007 4610 0⁰1⁸
1022 4554 1180 4625 dignantur,
1195 4556 1243 4612 ⁸04
1269 4572 1319 4628 W
1331 4557 1422 4614 θῑῑῑΰθῦ
1440 4558 1573 4628 llihllssl·
1606 4560 1644 4618 5¹³
1658 4570 1689 4617 ¹¹²
1715 4563 1741 4619 5¹¹

88 4675 178 4730 runt,
194 4674 223 4720 et
234 4662 338 4719 interea
361 4662 521 4716 invaserunt
534 4655 642 4727 quidem
667 4653 805 4709 basilicam
820 4693 828 4720 ,
845 4649 893 4707 sed
905 4644 933 4705 D
944 4660 1011 4727 coxa
1026 4647 1087 4719 ejus
1099 4648 1283 4721 perniciosum
1298 4650 1397 4707 rulrrns
1411 4650 1489 4708 lieret
1504 4667 1512 4706 ι
1537 4660 1621 4724 atque
1633 4652 1691 4710 alio
1702 4654 1747 4712 die

88 4757 173 4815 ppem
195 4754 281 4828 plebis
307 4753 503 4810 invaderentur
527 4755 681 4820 potuerunt.
708 4747 830 4817 Denique
844 4745 894 4800 ali·
945 4740 1046 4798 sistunt
1057 4758 1120 4799 euru
1136 4752 1201 4800 ante
1211 4743 1349 4816 judicem,
1365 4754 1396 4800 ut
1409 4743 1500 4817 magni
1513 4746 1639 4803 criminis
1656 4763 1747 4805 reum.

89 4850 121 4908 ppt
141 4851 169 4905 p„
190 4847 280 4921 apello
293 4845 388 4902 eadem
418 4843 496 4914 plebs
511 4840 650 4897 basilicam
665 4837 718 4893 sibi
734 4836 892 4907 fabricarit,
944 4831 995 4889 Cui
1020 4835 1129 4906 quidem
1153 4835 1236 4907 judex
1251 4834 1333 4891 relnti
1349 4836 1400 4892 sub
1422 4836 1557 4908 imperiali
1570 4837 1707 4911 rescripto
1718 4847 1746 4895 ct

90 4943 126 4998 ad
140 4957 219 5015 qrrarn
233 4955 297 4998 cum
309 4947 404 4995 sancto
416 4936 562 4994 Vincentio
576 4932 745 4991 conveniret.
770 4932 824 4989 Sed
846 4947 892 4988 sa·
947 4927 1030 4985 minis
1055 4937 1221 5000 0¹l⁰lil¹¹⁰l0
1244 4929 1409 4997 θθῐιῑθιιᾱῑῑ,
1431 4939 1462 4986 ῑιῑ
1473 4945 1535 4987 0¹¹¹ss
1552 4931 1748 4989 Da¹¹¹²⁸⁰⁰0¹¹·

90 5045 171 5092 tanus
185 5036 232 5105 qui
247 5046 379 5104 nusquam
407 5029 508 5102 patitur
527 5026 665 5084 Christum
689 5025 732 5096 pie
751 5024 827 5090 coli,
851 5024 893 5079 in·
944 5023 1045 5077 teniat.
1073 5019 1125 5077 Sed
1153 5021 1297 5093 presbyter
1320 5036 1426 5078 memor
1449 5021 1657 5093 diviniJudicii,
1673 5037 1745 5094 prae·

90 5127 214 5186 flammat
227 5142 296 5195 cos,
310 5135 338 5183 et
353 5125 450 5181 iterum
465 5123 588 5194 deposita
604 5119 786 5192 postulatione
800 5133 833 5174 ea
848 5117 891 5173 di·
943 5125 1050 5170 sentem
1061 5112 1182 5185 judicem
1199 5128 1252 5170 noo
1274 5115 1393 5184 timens,
1416 5117 1518 5186 repulit
1541 5115 1662 5186 perlldiee
1672 5129 1748 5170 cour·

91 5222 181 5280 versis
196 5218 496 5277 urbibusdecurionnm
516 5225 544 5271 et
559 5212 664 5285 plebeia
676 5210 892 5267 multitudocol·
945 5206 1121 5274 munionem
1136 5215 1218 5278 atqtro
1240 5206 1304 5264 ideo
1326 5208 1408 5264 datrrr
1432 5208 1458 5263 in
1481 5208 1628 5272 exsilium3
1645 5215 1747 5261 etcum

89 5314 199 5386 ligitur.
213 5312 301 5371 Simul
325 5309 409 5368 etiarn
434 5316 462 5365 et
485 5305 636 5380 presbyteri
658 5303 718 5375 ejus
748 5303 782 5359 ad
802 5302 891 5359 locum
945 5306 1020 5354 esset
1032 5299 1103 5370 apud
1125 5298 1251 5364 Ostiam,
1272 5300 1417 5357 atrocitate
1429 5298 1503 5354 illius
1524 5296 1648 5353 volneris
1661 5298 1748 5355 mori-

90 5409 216 5466 veniunt.
246 5404 375 5462 Ecclesiae
400 5402 474 5459 illios
495 5399 592 5471 jamnes
618 5394 809 5467 confringunt,
825 5393 895 5450 diri-
947 5399 1001 5446 tor.
1025 5390 1111 5462 Cujus
1134 5391 1328 5462 quidemtanta
1352 5390 1404 5445 luit
1427 5387 1575 5456 sanctitas,
1589 5398 1693 5448 ntettm
1718 5400 1748 5449 et

91 5502 201 5575 pientes
214 5498 278 5556 inde
289 5494 421 5571 quidcuid
433 5493 468 5550 ad
479 5507 555 5549 sacra
567 5487 720 5548 ministeria
728 5487 892 5559 pertinebat.
947 5483 1092 5557 episcopus
1106 5483 1159 5540 loci
1174 5483 1247 5539 illius
1269 5482 1381 5538 nomine
1402 5479 1578 5545 Florentius,
1595 5484 1749 5542 mnemoni-

87 5593 129 5652 lit
149 5601 305 5665 postremo,
331 5587 404 5660 quod
425 5585 548 5643 horroris
561 5593 603 5640 est
617 5581 729 5648 dicere,
751 5579 785 5636 ad
800 5594 895 5636 cumu-
948 5591 1015 5635 cans
1027 5579 1159 5646 Damaso,
1174 5591 1236 5633 com
1249 5573 1365 5647 qtradam
1381 5574 1560 5632 veneratione
1581 5580 1749 5651 suspexerit.

87 5687 150 5747 inm
164 5685 312 5760 perpetrati
326 5681 478 5754 sacrilegii,
500 5679 587 5752 ipsum
606 5676 694 5734 altare
710 5674 893 5746 Dei,deDo·
947 5669 1070 5742 Narrrque
1088 5686 1149 5727 com
1168 5670 1195 5726 io
1219 5667 1337 5742 quodam
1361 5677 1663 5729 rctnstomonumento
1685 5687 1748 5733 cum
1783 5666 1790 5679 ⁴
1861 5741 1865 5749 ¹

133 5849 142 5880 ¹
162 5846 244 5903 h'orte
258 5843 482 5916 imprecabantur.
497 5840 586 5899 Otott.
