3900 6134
140 216 212 279 sust

732 222 738 229 ‘
809 217 935 277 SANC'l'l
953 218 1092 279 ructent

1725 221 1801 281 1088

139 334 317 406 vestmmqui
327 332 415 390 secari
428 341 456 391 et
466 333 545 391 exuri
555 335 700 404 sustineat,
712 334 935 407 adbuc‘possum.
950 335 1180 408 Acauponando,
1199 337 1369 406 mercando,
1385 338 1536 418 rapiendo;
1564 338 1633 398 loris
1646 339 1738 407 luera,
1751 339 1801 395 ln·

140 427 213 485 Ecce
227 427 387 498 scalpellum
401 428 612 498 propheticum:
629 426 826 498 consummissi,
842 430 940 502 inquit,

139 520 324 577 adllominum
333 520 419 577 Deum
430 529 554 588 oestrum,
565 522 695 594 simulque
701 525 816 596 jejunio,
830 535 854 580 et
864 526 939 595 datu,

138 622 164 667 et
178 612 294 684 planctu,
313 623 338 668 st
354 613 462 671 scindite
476 614 556 669 sorde
571 625 653 670 uestra
665 613 751 689 (loct.
768 632 798 685 n,
814 615 859 683 ld,
875 618 939 689 15).

138 705 230 763 Nolite
245 704 315 763 banc
327 715 467 764 secturam
483 709 598 777 tinniere,
615 709 782 765 dulcissimi.
804 711 941 767 Sustinuit

138 798 423 871 lllamllavid,1acuit
437 801 464 856 iu
478 799 571 857 cinere
584 802 720 868 sordenti,
735 817 816 859 sacco
829 804 940 875 iusuper

140 889 272 949 horrente
284 891 426 949 deformis.
439 891 490 949 llle
500 893 638 964 quondam
649 895 766 965 gemmis
776 905 902 952 assuetus
913 905 940 952 et

140 986 281 1059 purpuris,
297 987 365 1042 terit
380 988 407 1041 in
419 986 525 1057 ieiunio
537 988 657 1043 animam
672 1003 748 1044 suam
762 1007 769 1043 :
784 990 827 1046 cui
842 989 938 1056 maria,

139 1079 184 1134 cui
198 1077 290 1147 silvo,
305 1081 349 1137 cui
361 1079 474 1136 flumina
493 1081 668 1150 serviebant,
682 1083 886 1154 promissasque
898 1081 940 1139 di-

139 1168 221 1226 vitias
236 1180 309 1228 terra
325 1172 500 1242 parturiens;
524 1174 649 1230 madidus
668 1174 797 1248 lacrymis
809 1190 939 1232 consum·

140 1266 196 1334 psit
207 1265 301 1322 oculos
315 1267 378 1323 illos
393 1267 493 1338 quibus
506 1267 621 1340 gloriam
635 1269 684 1326 bet
695 1269 812 1338 viderat,
828 1277 857 1326 ct
869 1269 940 1327 inie-

139 1357 220 1414 licem
242 1373 273 1415 sc
294 1359 479 1431 miserumque
502 1361 645 1419 contessus
668 1372 710 1419 est
733 1372 812 1434 pater
837 1363 938 1432 llariae,

139 1449 227 1507 ludaei
240 1453 325 1508 etiam
339 1453 495 1509 dominator
508 1454 627 1525 imperii.
638 1455 696 1512 Res
707 1456 753 1512 iile
764 1455 939 1529 babylonius,

126 1541 488 1615 'exomologesimdesertus
497 1557 637 1616 operatur,
646 1550 804 1618 etsepteoni
812 1550 940 1620 squalore

139 1635 312 1707 decoquitur.
329 1637 452 1694 Leonum
472 1639 499 1694 in
515 1639 562 1696 illo
572 1640 674 1712 iubas,
689 1642 797 1713 impexa
810 1643 940 1700 cesaries

992 439 1036 485 tus
1059 430 1186 487 libidines
1205 430 1383 502 suessanum
1405 431 1474 488 nibil
1491 432 1600 504 agendo
1618 431 1801 505 simpliciter,

991 522 1059 579 nibil
1084 523 1248 595 pauperibus
1268 524 1431 596 largiendo,
1454 523 1522 580 nibil
1542 524 1681 583 iratribus
1702 526 1804 581 remit·

991 613 1084 671 tendo.
1097 614 1137 671 lle
1152 616 1211 670 bac
1222 616 1333 687 quidem
1346 631 1408 687 quae
1420 616 1508 674 videri
1523 618 1610 675 ctiam
1625 633 1641 672 a
1655 617 1803 676 sacerdote

992 717 1116 776 possum,
1132 718 1160 766 et
1172 709 1301 780 episcopo
1318 718 1388 766 teste
1402 710 1529 779 laudari;
1548 726 1584 768 ne
1604 711 1666 769 baec
1685 712 1803 782 quidem

991 801 1141 872 quotidiani
1161 817 1322 870 servamus;
1344 803 1412 861 llere
1431 804 1459 860 iu
1479 812 1631 874 conspeetu
1650 803 1802 873 Ecclesia,

990 891 1124 961 perditam
1138 894 1221 949 vitam
1230 894 1342 950 sordida
1353 903 1431 952 veste
1441 894 1544 967 lugere,
1554 895 1694 967 ieiunare,
1706 911 1801 964 orare,

991 984 1138 1055 provolvi:
1158 987 1181 1041 si
1202 987 1262 1056 quis
1277 986 1311 1042 ad
1328 987 1455 1045 balneum
1478 998 1567 1058 vocet,
1592 1004 1729 1047 recusare
1751 989 1802 1047 de·

991 1072 1069 1131 licias
1091 1091 1098 1129 r
1123 1074 1229 1148 siquis
1251 1077 1285 1133 ad
1308 1079 1464 1136 convivium
1493 1089 1589 1152 roget,
1611 1079 1710 1137 dicere
1723 1097 1732 1135 ε
1747 1079 1801 1136 bta

989 1162 1131 1234 felicibus,
1150 1183 1202 1238 ego
1220 1167 1322 1240 deliqui
1339 1171 1365 1226 in
1381 1171 1547 1240 licerinum,
1568 1180 1596 1229 et
1615 1173 1762 1244 periclitor
1774 1174 1802 1230 in

991 1268 1122 1313 arternum
1146 1258 1236 1330 perire
1256 1278 1263 1316 ε
1283 1277 1338 1333 quo
1360 1262 1425 1319 snibi
1450 1263 1556 1334 epulas,
1581 1263 1632 1336 qui
1653 1265 1801 1322 bominum

991 1349 1070 1407 laesii
1089 1350 1195 1409 Tenere
1218 1363 1353 1425 practerea
1378 1370 1528 1427 pauperum
1551 1370 1673 1425 manus,
1700 1355 1802 1412 viduas

991 1445 1156 1515 obsecrare,
1172 1449 1344 1521 presbyteris
1357 1449 1486 1518 advolvi,
1501 1450 1689 1535 exoratricem
1704 1450 1802 1513 Eccle-

965 1557 967 1560 ⁴
991 1539 1061 1595 siam
1075 1540 1228 1610 deprecari,
1244 1541 1337 1598 orinia
1349 1541 1428 1612 prius
1441 1551 1548 1598 tentare
1559 1555 1644 1613 quam
1656 1555 1767 1613 pereas.

1027 1633 1075 1690 Xl.
1095 1634 1158 1691 Scio
1168 1633 1302 1705 quosdam
1313 1651 1347 1690 er
1362 1635 1490 1692 iratribus
1503 1643 1532 1691 et
1541 1635 1689 1692 sororibus
1702 1636 1803 1694 restria

139 1734 168 1783 et
180 1727 311 1785 barbarus
321 1727 420 1786 horror
433 1740 599 1802 exsuperem
615 1741 643 1788 et
656 1733 738 1805 longe
753 1733 877 1790 incurvis
891 1749 940 1790 un·
953 1725 979 1788 B
991 1725 1081 1782 cilicio
1092 1734 1189 1797 pectus
1202 1725 1351 1794 involvere,
1363 1726 1450 1783 cineri
1465 1726 1610 1794 incubare,
1621 1726 1731 1797 ieiunia
1743 1740 1802 1784 sera

140 1817 240 1892 guibus
266 1835 364 1878 manus
388 1821 545 1893 horrentes,
571 1824 676 1895 aquilas
689 1827 860 1881 mentiuntur
878 1840 940 1882 cum

993 1818 1137 1887 meditari;
1154 1828 1182 1876 ct
1196 1835 1251 1875 uon
1266 1820 1344 1886 talia,
1359 1818 1488 1887 tortasse,
1502 1827 1666 1892 peccarunt.
1682 1819 1757 1888 Quid
1769 1819 1802 1878 ds

140 1912 233 1971 lesum
250 1913 279 1970 in
292 1930 398 1973 morem
412 1916 490 1973 bovis
503 1917 599 1974 ederet
612 1918 774 1989 pallentium
788 1919 942 1977 ruminator
993 1912 1125 1970 iratribus
1135 1913 1356 1987 loquariCaprm
1368 1916 1444 1982 ieras,
1455 1922 1486 1971 ut
1496 1914 1604 1984 dicunt,
1616 1915 1744 1971 remedia
1756 1929 1803 1972 ssa

142 2007 300 2066 berbarum.
315 2009 379 2067 llaec
394 2018 486 2069 tameo
499 2012 575 2068 illum
590 2012 646 2070 lieo
660 1989 740 2084 prena
755 2013 941 2079 commendat,
992 2014 1127 2063 ¹¹⁰lel¹¹¹¹¹
1140 2023 1146 2061 ²
1157 2006 1279 2062 ⁰⁰¹¹s¹¹²⁸
1289 2007 1404 2080 (tuille,
1415 2006 1510 2074 aldim
1523 2009 1672 2064 tensum
1682 2007 1800 2078 ”tiliis

141 2107 170 2156 et
185 2099 213 2156 in
228 2114 277 2157 sua
289 2103 429 2174 quondam
444 2118 528 2176 regna
542 2105 675 2162 restituit.
691 2105 778 2174 Quem
794 2104 943 2163 horrebant
993 2098 1079 2156 saltus
1094 2113 1239 2171 peragrare
1253 2098 1392 2170 Dictaeos,
1413 2099 1502 2172 quoad
1521 2099 1634 2156 dictami
1654 2101 1739 2156 caule
1754 2099 1802 2157 de·

142 2192 282 2262 homines,
294 2195 366 2253 neus
378 2196 541 2268 recipiebat,
555 2198 613 2270 ipsa
625 2200 670 2255 illa
682 2200 762 2256 malae
773 2199 943 2257 tractationis
993 2200 1092 2259 ῐῡηθθ,
1110 2192 1271 2249 salutarium
1286 2192 1424 2249 liffllflnlo
1443 2192 1523 2248 latice
1536 2205 1709 2258 succorum,
1725 2191 1803 2261 iulii

142 2284 300 2344 calamitate
310 2287 429 2346 felicem.
444 2288 517 2346 Eece
528 2291 626 2363 sectio,
638 2306 720 2363 quam
730 2291 865 2364 spopondi
878 2310 885 2348 ε
897 2295 942 2364 qui
993 2286 1135 2344 decutiam
1150 2286 1204 2342 tela
1217 2286 1391 2357 corporibus.
1407 2285 1461 2344 llos
1475 2287 1561 2358 ignita
1574 2285 1682 2343 diaboli
1698 2285 1803 2360 spicula

142 2379 266 2450 potuerit
279 2379 408 2450 tolerare,
421 2381 572 2439 sanabitur.
994 2380 1070 2437 nullo
1082 2379 1248 2449 poenitentias
1264 2395 1356 2446 succo,
1372 2380 1450 2437 nullo
1460 2379 1667 2452 exomologesis
1680 2380 1802 2452 gramirm

180 2473 215 2530 ll.
236 2473 397 2533 Admovebo
407 2475 496 2533 adbuc
510 2477 586 2549 ignes
596 2476 761 2535 dempseris
772 2478 942 2550 apostolico:
994 2473 1166 2544 repellimus.
1183 2473 1342 2531 Bscaecatos
1358 2474 1475 2531 lsiruudu
1490 2474 1583 2546 pullos
1598 2476 1679 2531 norit
1693 2476 1803 2532 ocvdare

145 2567 288 2625 videamus
298 2585 332 2625 an
349 2567 423 2627 terre
437 2570 559 2641 possitis.
575 2570 708 2640 iudicari,
722 2572 820 2645 inquit,
835 2588 943 2646 conqre·
994 2564 1090 2622 desua
1103 2564 1276 2623 chelidonia:
1292 2580 1353 2635 nos,
1369 2567 1472 2623 lumina
1485 2567 1586 2623 mentis
1599 2567 1716 2635 mim·
1732 2568 1802 2625 n¹¹l¹⁸

145 2663 295 2736 qutisuobis
305 2674 329 2721 et
341 2666 437 2737 spirim
451 2665 556 2732 mimis
567 2666 660 2723 uirtute
673 2665 778 2722 bomne
791 2666 855 2723 iesu
868 2665 944 2721 curs·
995 2658 1074 2715 mate
1095 2658 1266 2715 tractationis
1285 2659 1379 2717 radico
1393 2658 1571 2717 curabimus?
1592 2661 1668 2717 Ecce
1690 2675 1741 2718 nee
1759 2675 1802 2718 cs-

142 2756 178 2811 sts'
190 2798 198 2823 ,
216 2757 316 2812 tradem
335 2759 463 2831 ejusmodi
488 2757 618 2814 bominem
644 2769 742 2815 sutuorc
761 2760 789 2814 iu
811 2760 946 2816 interitum
994 2753 1090 2824 preis,
1112 2767 1164 2809 nec
1190 2752 1328 2809 lrirundini
1353 2753 1436 2811 bomo
1458 2754 1572 2824 similis,
1605 2755 1726 2812 siccitati
1746 2770 1801 2812 sua

145 2849 244 2916 cursis,
258 2856 285 2902 ut
295 2850 402 2919 spiritus
416 2851 502 2906 sulcus
517 2852 551 2906 sit
562 2851 589 2906 in
600 2851 668 2907 diem
682 2853 787 2907 Domini
799 2851 826 2923 (l
840 2851 900 2909 Cor.
916 2870 944 2922 v,
995 2844 1100 2901 invide!
1113 2853 1141 2901 θῑ
1155 2844 1255 2901 (ΙΟΙΟΓῙ-
1271 2845 1452 2904 Considerate
1467 2861 1551 2912 nunt,
1566 2845 1682 2915 fraires·
1698 2848 1763 2921 quid
1774 2849 1801 2904 1⁰

144 2938 216 3009 5-5).
228 2936 299 3006 Quid
312 2939 414 3005 dicitis,
428 2942 613 3011 poenitcotesl
626 2942 678 3000 Ubi
691 2953 735 3001 est
745 2951 844 3001 vestre
854 2944 946 3001 carnis
995 2935 1049 2992 fine
1059 2935 1249 3007 promisimus:
1260 2938 1321 3008 quis
1333 2939 1446 3006 tructus,
1458 2936 1629 3009 baecoperti
1639 2939 1686 2996 tel
1696 2949 1801 3007 contra,

146 3027 296 3086 interitus?
307 3032 350 3086 du
362 3031 435 3102 quod
447 3032 475 3088 in
490 3033 548 3103 ipsa
560 3036 717 3105 poenitentia
731 3034 862 3093 lautiores
874 3051 946 3093 sem·
995 3031 1058 3100 (lui-⁹³
1079 3029 1169 3086 ‘iliius
1192 3038 1388 3101 consequatur.
1414 3030 1609 3087 P⁸⁰⁰²¹⁰llb¹¹⁸
1629 3029 1760 3088 delifflffl
1777 3040 1804 3089 0²

146 3134 196 3194 per
209 3121 349 3192 inceditis,
364 3125 491 3181 convivio
506 3125 590 3195 larti,
610 3128 713 3185 balneis
726 3129 855 3200 expoliti,
871 3139 946 3188 veste
959 3100 983 3166 G
998 3121 1185 3192 lloettiiessfitffl
1200 3137 1255 3177 ⁰⁰¹¹
1271 3123 1425 3194 miltiibus·
1437 3121 1550 3193 spiritus
1564 3123 1677 3179 D⁰¹¹³i¹¹i
1689 3123 1804 3180 commi·

85 3216 91 3224 ‘
146 3214 313 3284 composuit
328 3215 399 3272 Ecce
413 3216 531 3286 aliquem
544 3217 623 3274 video
634 3219 782 3290 aliquunde
795 3220 881 3293 frugi,
896 3222 947 3278 sti.
996 3222 1079 3271 natur
1093 3222 1122 3271 et
1142 3215 1207 3270 dicit
1223 3233 1230 3271 ι
1249 3213 1378 3271 Dilectum
1396 3216 1514 3271 ueritatis
1536 3231 1589 3270 soon
1606 3226 1760 3286 receperant
1776 3227 1805 3272 st

146 3307 256 3379 quaudo
277 3311 493 3380 pauperculum,
513 3310 662 3383 aliquando
677 3314 725 3368 uili
741 3315 829 3371 runica
848 3316 946 3372 sordu-
996 3307 1062 3363 sutri
1075 3309 1166 3379 fierem
1183 3323 1236 3364 :or
1253 3317 1391 3381 propterea
1403 3310 1486 3364 misses
1503 3308 1561 3364 iltis
1579 3307 1649 3363 deus
1667 3310 1804 3381 operosio-

146 3399 251 3457 tensum
268 3419 275 3455 ε
297 3416 370 3458 stunc
390 3402 462 3459 bene
481 3402 571 3459 cultus
586 3415 614 3460 et
631 3404 764 3476 locuples,
786 3415 814 3464 et
830 3407 947 3465 decorus
996 3417 1054 3457 nem
1067 3401 1162 3456 erroris
1176 3409 1204 3455 nt
1217 3401 1324 3455 credunt
1338 3400 1486 3468 orendueio,
1504 3411 1534 3455 nt
1544 3399 1698 3475 judicentur
1713 3417 1804 3458 omues

144 3500 204 3560 est,
217 3492 295 3564 quasi
309 3493 425 3564 imputet
440 3492 497 3551 lieo
511 3495 584 3566 quod
599 3496 638 3552 illi
653 3499 759 3555 servire
773 3513 827 3554 uon
841 3500 945 3570 potuit,
996 3492 1800 3564 quinoucredideruotuenturi,sedsilipturentisjnjussitium

147 3593 176 3640 et
198 3584 362 3641 morientem
375 3586 494 3641 animam
507 3595 620 3655 recreet¹
639 3589 779 3661 voluptate
806 3592 947 3647 membro·
998 3584 1171 3660 (litteren,
1183 3582 1802 3658 tu,tt).trenapocalypsisdemereutcesic

147 3691 219 3734 rum.
235 3677 310 3734 Beue
322 3679 395 3749 quod
414 3679 565 3736 mediocres
579 3696 674 3738 sumus
692 3700 700 3736 ε
718 3693 848 3740 ceterum
860 3693 888 3742 et
901 3684 947 3742 illa
992 3670 1118 3750 'loquitur
1135 3695 1142 3732 s
1162 3676 1197 3730 ln
1211 3685 1337 3748 qnantum
1353 3676 1507 3746 clarificaris
1525 3692 1553 3732 se
1567 3685 1593 3731 et
1606 3675 1715 3731 delicium
1729 3691 1804 3731 eser-

146 3771 301 3830 laceremus
311 3774 384 3846 quod
400 3774 535 3847 quosdam
548 3784 576 3832 eu
587 3776 718 3847 quasdam
728 3792 781 3835 oon
794 3778 877 3849 pudet
889 3778 948 3835 tau·
998 3772 1072 3827 cuit:
1085 3779 1184 3825 sonsum
1194 3769 1287 3825 naseos
1301 3776 1455 3825 tormentum
1469 3770 1603 3825 estruem
1614 3768 1713 3841 (Apoc-
1725 3783 1802 3831 suns,

147 3868 244 3937 tiores,
257 3868 442 3925 marmoribus
451 3872 517 3940 tegi,
529 3885 596 3927 auro
606 3871 735 3941 opprimi,
747 3871 837 3929 serico
851 3872 946 3940 lluerc,
998 3866 1046 3939 ii·
1065 3867 1097 3921 Et
1110 3865 1251 3936 apostolus
1263 3863 1364 3919 Psillis
1380 3881 1387 3918 τ
1401 3862 1442 3917 An
1455 3863 1575 3936 t'sttwsst.
1591 3863 1719 3933 eteniam
1733 3862 1804 3916 ⁶⁰²¹?-

28 3980 32 3986 ·
146 3972 231 4015 cocco
241 3960 398 4016 rubescere.
411 3960 514 4031 Siquid
527 3961 674 4032 ferruginei
683 3963 840 4034 pulverisin
852 3978 948 4034 super·
999 3958 1101 4015 tostici
1115 3958 1333 4029 inpoenitentium
1350 3967 1375 4011 ts
1389 3955 1532 4028 seducit?
1551 3954 1594 4010 Tu
1608 3965 1803 4012 sutemseeuu·

148 4048 214 4104 cilio
232 4047 358 4120 fulgeret,
380 4062 426 4105 aut
442 4051 497 4105 licti
517 4052 614 4107 nitoris
634 4054 661 4106 in
676 4068 759 4121 genas
773 4052 876 4118 rutilet,
901 4062 948 4109 ant
998 4052 1060 4104 dum
1073 4049 1196 4103 duritiem
1209 4058 1280 4102 trium
1296 4046 1455 4103 tbesuuriaus
1470 4045 1517 4100 tibi
1529 4046 1598 4100 irum
1610 4047 1640 4101 in
1654 4047 1699 4101 die
1710 4047 1768 4113 iroe,
1781 4052 1804 4099 rt

145 4138 236 4194 coacti
257 4139 369 4195 ruboris
389 4141 414 4195 in
439 4139 511 4196 labia
532 4140 667 4197 desudet:
683 4143 735 4199 ista
756 4144 869 4200 torsitan
892 4160 948 4202 non
998 4138 1161 4197 revetationis
1176 4138 1347 4210 jurisjudicii
1363 4135 1413 4193 θεῖ
1429 4137 1525 4210 istm·
1540 4151 1571 4205 ¹¹.
1584 4138 1614 4204 4.
1630 4136 1683 4210 5)·
1700 4136 1805 4194 Timete

148 4227 268 4287 bebetis.
288 4229 347 4286 Non
360 4230 462 4288 desunt
482 4240 573 4290 tamen
596 4233 675 4290 vobis
689 4233 829 4292 bortulaoi
844 4239 948 4293 mariti·
986 4233 1094 4306 igitur,
1108 4233 1291 4301 dilectissimi,
1303 4232 1377 4303 justa
1390 4231 1493 4301 iudicia
1509 4247 1517 4286 :
1532 4230 1654 4287 omittite
1668 4245 1804 4297 errorem,

147 4322 220 4379 mise
233 4336 369 4390 secessus,
384 4334 412 4379 et
426 4322 586 4394 exquisitius
600 4326 704 4393 vinum,
719 4338 747 4383 et
756 4327 871 4385 lautiora
883 4345 949 4386 con·
998 4325 1127 4382 damnate
1139 4323 1250 4380 delicias
1266 4340 1273 4378 ε
1290 4331 1421 4393 properat
1433 4322 1490 4392 jam
1505 4331 1615 4392 tempus
1624 4330 1803 4379 extremum:

146 4417 229 4483 riuis,
246 4425 275 4472 et
289 4415 429 4473 delecatio
442 4416 602 4474 senectutis.
617 4416 663 4476 Sic
677 4421 759 4492 agite,
778 4419 818 4477 sic
830 4422 945 4489 credito,
999 4426 1118 4476 tartarus
1141 4427 1169 4474 et
1186 4417 1311 4489 gebenna
1336 4415 1441 4473 taxatos
1461 4413 1553 4486 impiis
1569 4415 1651 4471 sinus
1669 4415 1803 4487 pandunt.

146 4508 257 4580 quando
271 4509 387 4566 vivetist
400 4509 460 4566 Non
475 4512 599 4568 sustineo
610 4511 678 4583 jam,
692 4512 800 4570 iratres.
817 4514 947 4574 Danielus
959 4477 988 4540 D
1001 4511 1067 4569 Post
1077 4513 1229 4567 animarum
1245 4510 1406 4579 tempestiua
1419 4507 1572 4579 supplicis,
1586 4507 1723 4564 redivivis
1737 4520 1803 4579 quo·

146 4613 209 4655 cum
229 4600 369 4659 sodalibus
387 4603 445 4660 suis
463 4618 544 4661 sacco
563 4614 651 4662 tectus
671 4615 701 4662 et
721 4606 826 4675 cinere,
844 4607 948 4680 ieiunio
998 4621 1052 4678 que
1068 4612 1198 4676 perpetua
1208 4601 1371 4672 corporibus
1385 4615 1466 4672 poena
1476 4610 1614 4658 servatur.
1627 4599 1717 4658 Nemo
1730 4600 1803 4672 Tityi

146 4693 229 4747 etiam
244 4694 401 4765 exsanguis,
417 4695 476 4752 bec
491 4698 630 4770 loquitur:
649 4697 827 4768 Peccavimus,
845 4703 948 4760 lacinus
995 4696 1075 4768 iecur
1088 4693 1194 4760 credat,
1206 4701 1235 4748 et
1248 4691 1389 4747 llulturem
1401 4700 1555 4773 poetarum.
1570 4691 1633 4761 lpse
1648 4691 1703 4748 sibi
1718 4699 1805 4747 mate·

147 4781 313 4852 admisimus,
322 4788 544 4859 impicgessimss,
555 4793 809 4861 trunsqressisumus
819 4806 948 4866 precepto
997 4791 1066 4847 riam
1077 4785 1291 4846 recrescentium
1302 4799 1450 4856 corporum
1462 4793 1573 4855 reparat
1586 4783 1660 4856 ignis
1669 4792 1802 4841 emmas.

145 4883 170 4930 et
180 4875 339 4949 judieiutuu
351 4877 433 4948 (bun.
446 4894 485 4947 rx,
498 4878 538 4952 5).
551 4882 697 4939 [lebraria
709 4883 802 4941 itidem
814 4888 947 4958 scriptura
997 4882 1152 4947 Attendite,
1173 4880 1197 4936 si
1217 4893 1272 4936 nun
1291 4878 1405 4936 creditis
1425 4895 1435 4934 ·.
1457 4892 1590 4950 aquarum
1612 4879 1737 4945 impetus
1758 4877 1804 4950 qui

145 4969 240 5026 divina
251 4987 258 5034 3
271 4971 364 5037 Siros,
376 4971 475 5044 inquit,
487 4973 597 5031 drusius
607 4986 782 5047 precetusest,
794 4990 819 5035 et
828 4982 947 5050 spetiem
1002 4978 1109 5051 ignibus
1124 4975 1203 5041 lusit,
1221 4972 1354 5044 supplicio
1368 4971 1508 5028 nutriente
1522 4969 1708 5040 reparabitur.
1724 4969 1756 5028 Si
1770 4970 1805 5027 tle

145 5077 263 5118 ossuum
277 5065 477 5137 exomologesim
494 5066 604 5137 sudetur
618 5066 674 5124 Deo
688 5070 838 5126 simntcum
851 5072 948 5128 rodati-
999 5073 1122 5130 cruciatu
1135 5067 1338 5138 exomologesis
1356 5067 1477 5133 retracti,
1496 5064 1651 5137 gebennam
1673 5063 1805 5122 recorde-

146 5155 194 5210 lms
208 5157 262 5211 suis
283 5155 365 5228 (Dan.
385 5173 425 5225 sn,
442 5156 499 5228 25).
522 5159 605 5215 David
624 5161 703 5231 ipse:
719 5161 831 5232 monto,
848 5165 946 5235 inquit,
999 5165 1065 5221 mini
1083 5177 1165 5235 quam
1177 5160 1256 5216 vobis
1270 5157 1472 5230 exomologesis
1482 5156 1650 5229 exstinguet.
1666 5156 1732 5213 Vim
1746 5157 1805 5228 ejus

144 5263 192 5320 per
211 5250 327 5321 singulus
350 5261 437 5307 noctes
460 5251 555 5307 tectum
573 5268 669 5321 omnm,
693 5253 816 5326 lucrymis
836 5266 947 5312 stratum
998 5257 1075 5314 etde
1094 5252 1276 5326 presentibus
1295 5251 1444 5316 {estimatm
1465 5248 1544 5321 culus
1562 5246 1713 5305 fumariola
1727 5261 1806 5320 que·

145 5358 232 5398 meum
245 5343 336 5418 siquis
352 5344 440 5417 (Prot.
454 5361 492 5409 vs.
509 5343 548 5418 7).
564 5345 619 5401 lios
632 5361 709 5415 vero,
723 5346 788 5418 quid
802 5347 866 5417 tale,
881 5349 947 5421 quid
998 5349 1070 5415 dam,
1095 5345 1227 5401 maximos
1250 5351 1357 5400 montes
1379 5340 1566 5398 subterraneis
1582 5338 1696 5411 ignibus
1721 5339 1805 5398 deco-

144 5436 252 5494 similet
263 5435 323 5494 lion
334 5438 397 5495 dico
410 5438 457 5495 illa
466 5453 737 5513 quassougregamus
747 5438 782 5496 ad
792 5443 944 5512 cumulum,
997 5432 1805 5516 quunt.AEstusntiudelessisllammarnmglobls⁸AEtbna

180 5585 194 5614 ⁸
219 5574 322 5632 AEstrnn
341 5575 449 5634 Siculus
474 5587 499 5634 et
526 5577 587 5636 Vos.
614 5579 774 5638 bectloncm
800 5581 934 5639 editorum
988 5583 1058 5654 ioris
1081 5581 1209 5638 Baiusius
1224 5578 1259 5635 ad
1273 5578 1523 5653 Cypriannmpag.
1537 5572 1592 5630 568
1614 5574 1689 5657 edit.
1714 5574 1804 5635 Paris·

143 5644 319 5713 mendosam,
334 5645 440 5706 AEttrnu
451 5659 476 5705 et
495 5648 667 5718 bisusicutsss-
680 5664 704 5708 ιι
719 5651 781 5709 Ver.
805 5652 844 5708 sie
858 5655 939 5712 resti·
993 5653 1083 5732 dique
1100 5655 1135 5709 ita
1149 5649 1294 5724 legendum
1309 5648 1468 5723 coniecerat
1486 5653 1567 5704 antea
1588 5642 1734 5705 hunma.

143 5711 212 5783 tuit,
227 5727 254 5773 ut
268 5714 469 5789 rescripsimus,
483 5737 516 5778 es
532 5721 618 5778 veteri
634 5723 702 5780 libro
717 5712 870 5782 Cattlmsiae
884 5741 942 5782 rna·

1542 5713 1687 5773 Genuum
