3900 6134
145 250 196 326 sia
835 254 1104 317 montuosum.
1139 227 1142 230 ’
1740 261 1793 320 ιιι

139 402 203 446 eum
216 378 272 442 aiis
284 379 411 455 negotia,
427 394 459 437 ac
472 378 571 450 quibus
586 376 665 450 paula
677 382 738 448 post
752 374 866 431 retatus
881 374 941 442 luit,
956 375 1117 447 Aadeoque
1130 375 1270 445 praeclaris
1281 374 1380 432 sinceri
1394 389 1459 447 erga
1472 373 1624 434 liomauum
1639 377 1794 449 pontificem

141 479 307 537 adunarunt
324 472 531 546 persecutiones
545 469 724 526 detinuerint.
739 468 775 523 nt
791 465 945 523 Dorotheus
997 468 1120 540 obsequii
1133 455 1375 541 significationibus
1388 468 1489 526 relecta
1501 480 1558 539 est,
1572 481 1601 528 ut
1621 473 1795 530 verissimum

143 574 221 646 ipse,
244 569 288 627 'cui
312 566 501 624 sanctissimus
524 565 593 620 alter
612 560 792 618 Antiocirenae
817 559 946 616 Ecclesiae
997 561 1043 630 sit,
1059 563 1130 633 quod
1143 578 1257 635 magnus
1270 563 1403 619 baronius
1415 561 1450 635 (c)
1464 564 1513 631 ait,
1527 568 1720 622 sanctosviros
1734 565 1795 638 capi
1855 585 1862 595 ·

147 667 288 742 presbyter
300 654 427 721 comitem
440 674 503 716 sese
517 659 664 727 obtulerat,
682 655 746 713 illud
761 655 872 726 urgebat
885 652 947 709 dili·
998 655 1114 712 ltuntana
1130 657 1219 729 aliqua
1234 657 1317 713 animi
1330 658 1533 728 perturbatione
1545 659 1690 730 aliquando
1703 678 1794 734 posse,

147 770 243 835 genter
259 760 339 830 cique
353 758 415 813 sese
429 753 541 826 parabat
555 752 628 808 circa
650 749 730 821 nujus
747 747 811 804 antri
826 747 945 803 initium.
999 748 1112 804 minime
1132 757 1222 803 atttem
1244 747 1370 804 detineri.
1394 748 1457 819 Agit
1473 750 1563 820 itaque
1576 750 1693 809 Ortmaso
1707 755 1796 826 primo

149 852 211 910 lice
223 854 350 907 coustant
364 863 397 905 es
414 842 507 903 basilii
519 844 634 916 epistola
647 840 680 899 ad
695 842 841 898 Eusebium
851 841 948 896 Samo-
999 841 1059 898 loco
1071 842 1190 912 gratias,
1204 842 1239 897 ob
1261 857 1338 911 earn,
1353 858 1433 911 auam
1448 840 1549 900 lecerat
1571 845 1598 900 in
1614 849 1797 906 anterioribus

148 951 288 1010 satcnum,
304 930 383 1012 cujus
395 940 454 995 ltaec
466 945 531 993 sunt
545 927 644 993 rerba:
661 928 701 991 lie
713 930 788 989 rebus
799 942 883 988 aaran
898 932 949 986 Oc·
998 932 1112 1004 alicujus
1122 935 1215 991 ausilii
1229 949 1317 1007 spem,
1331 950 1495 1008 operamque
1508 938 1593 1004 iilam,
1607 957 1686 1012 quam
1699 959 1798 1014 posue·

145 1026 317 1094 cidsniclibus
331 1033 406 1106 prius
417 1035 473 1102 ipse
486 1026 616 1098 didicisti,
631 1037 753 1083 numanis
767 1027 854 1080 ontaia
869 1027 948 1097 fratre
999 1038 1051 1094 rat,
1068 1045 1101 1084 nc
1115 1045 1146 1084 ea
1169 1027 1358 1085 frustraretur.
1384 1027 1441 1084 llus
1464 1029 1536 1086 euim
1563 1033 1695 1102 pertinet,
1711 1051 1798 1107 eoque

142 1126 299 1197 lioraliseo,
318 1114 359 1182 rui
380 1123 470 1197 duales
488 1118 582 1179 danda
601 1138 692 1178 rursus
711 1115 804 1177 litterae
825 1115 949 1174 medati?
999 1119 1110 1194 respicit
1131 1123 1183 1176 lroc
1203 1122 1263 1190 ejus
1278 1121 1401 1193 epistolae
1423 1119 1552 1178 initium:
1578 1123 1706 1182 Oorrsiuus
1727 1127 1798 1184 Deus

143 1221 273 1278 Fortdsse
283 1219 352 1276 cuins
364 1233 391 1272 se
403 1213 505 1272 itineris
517 1216 614 1271 socium
624 1216 717 1288 jutipet
731 1213 827 1286 optimo
840 1213 950 1267 sanctis·
999 1222 1101 1279 noster,
1123 1212 1150 1268 in
1169 1229 1245 1283 quem
1267 1213 1427 1285 speravimus
1436 1253 1450 1280 ,.
1462 1225 1560 1270 tautam
1573 1217 1664 1286 cuique
1687 1227 1800 1274 restrum

145 1313 228 1382 simo,
242 1298 287 1382 prii
301 1306 397 1382 subpari
411 1310 485 1364 itrdci
498 1307 596 1374 studio,
615 1323 646 1362 ac
668 1307 798 1362 Orientem
818 1315 948 1378 peroptat,
999 1303 1110 1376 gratiam
1124 1305 1266 1376 impietur,
1283 1313 1311 1359 ut
1324 1306 1358 1359 ad
1375 1307 1536 1377 propositam
1547 1323 1618 1376 spem
1634 1311 1798 1380 perarmatis,

148 1386 227 1462 stab
250 1390 434 1477 intimioribus
457 1401 660 1472 'quibuscumque‘
695 1399 896 1472 subscriptiones
925 1404 951 1453 et
999 1407 1096 1468 quauta
1113 1398 1163 1467 ipsi
1186 1396 1281 1468 paudio
1303 1398 1383 1453 corda
1403 1409 1491 1453 nostro
1505 1400 1674 1471 implevistis,
1695 1412 1749 1456 tam
1768 1417 1801 1458 eu

148 1482 380 1573 epistoissioibpit
391 1480 443 1569 (a).
457 1493 686 1551 accuratissimus
697 1491 828 1564 postremi
838 1504 950 1562 operum
1001 1489 1233 1557 corruatiseratiane,
1243 1505 1321 1560 paam
1333 1492 1456 1546 crumnis
1468 1493 1564 1547 uostris
1577 1493 1753 1560 impendistis,
1771 1505 1801 1549 ut

147 1580 214 1648 tomi
229 1575 335 1659 editor,
350 1590 397 1662 qui
412 1589 448 1645 ab
463 1588 516 1644 lroc
529 1595 602 1643 auno
623 1593 750 1642 munerat
764 1583 952 1657 primunrllo
1001 1584 1087 1640 induti
1108 1586 1207 1640 uiscera
1227 1585 1426 1654 misericordiae,
1446 1587 1660 1658 quemadmodum
1683 1589 1801 1662 predicti

144 1685 236 1743 rotltei
257 1682 414 1756 presbyteri
435 1676 588 1737 Romanum
603 1678 673 1745 iter,
698 1677 870 1749 primamque
892 1677 952 1748 ejus
1002 1677 1049 1731 uiri
1063 1677 1281 1733 aununtiaverunt
1295 1678 1549 1751 natta-dorostena
1563 1680 1668 1737 scilicet
1680 1682 1714 1738 ab
1726 1681 1802 1739 Orbe

143 1781 179 1836 ad
196 1780 342 1835 Damasum
355 1776 537 1848 legationem,
553 1774 612 1829 baec
623 1773 704 1828 allata
719 1771 802 1827 rerba
813 1771 950 1840 interpre·
964 1766 988 1830 B
1003 1779 1065 1826 tunc
1079 1769 1182 1839 redut,
1203 1778 1232 1827 et
1251 1771 1297 1842 oui
1311 1772 1428 1828 comites
1442 1772 1467 1828 ci
1491 1773 1609 1828 luerem.
1639 1773 1804 1846 Quapropter

145 1871 229 1940 tatur,
245 1885 279 1928 ae
291 1872 314 1927 si
328 1858 446 1926 basilius
459 1876 567 1940 quaerat
582 1883 640 1939 quae
649 1883 741 1922 rursus
754 1865 848 1920 darrdte
858 1864 950 1919 littera
1000 1880 1092 1918 rursus
1105 1868 1182 1919 etiam
1195 1863 1368 1936 perdilectus,
1381 1873 1405 1920 et
1417 1865 1570 1929 salutamus,
1582 1876 1605 1920 et
1620 1850 1801 1935 adhortamur,

145 1958 307 2033 Oorotbeo,
329 1979 384 2021 non
401 1964 434 2019 ad
447 1961 566 2028 Urbem,
583 1961 631 2018 sed
647 1962 673 2016 in
689 1958 829 2017 Orientem
845 1958 951 2013 absumi
1001 1966 1029 2010 ut
1042 1957 1064 2011 si
1080 1953 1205 2011 Dominus
1218 1956 1323 2029 quidem
1336 1957 1487 2027 [acuitatem
1507 1958 1576 2013 uobis
1591 1957 1690 2015 dederit
1703 1961 1738 2015 ad
1756 1978 1803 2017 nos

148 2075 185 2116 ex
198 2057 383 2130 Cappadocia,
400 2067 447 2111 aut
466 2055 521 2110 aiio
541 2052 723 2126 Cappadociae
739 2053 856 2109 linitirtto
875 2052 948 2118 loco,
1002 2049 1197 2119 proficimmdi,
1215 2066 1246 2104 nc
1259 2049 1398 2122 piprstttt'tti
1419 2066 1466 2106 uos
1480 2051 1598 2119 inuisere,
1617 2093 1624 2108 .
1640 2092 1667 2107 ..
1685 2053 1762 2120 Quod
1781 2054 1804 2110 si

148 2153 184 2208 nd
198 2167 277 2224 quern
290 2150 336 2206 ille
351 2148 424 2206 lorte
439 2149 549 2206 senisse
560 2155 667 2219 poterat
680 2147 715 2201 ab
728 2144 859 2210 Eusebio,
870 2157 952 2215 quent
1002 2142 1084 2197 bonus
1098 2142 1181 2208 lictu,
1197 2160 1228 2197 ac
1241 2143 1345 2212 sapicm
1357 2144 1416 2199 uita
1429 2155 1525 2201 austra
1537 2147 1683 2202 eruderator
1696 2149 1745 2204 isac
1758 2149 1803 2203 be·

147 2245 299 2312 iir'riserat,
328 2241 415 2300 rodus
439 2242 486 2316 (b).
510 2232 546 2298 lit
570 2242 593 2297 si
621 2240 683 2311 uuis
707 2238 851 2310 epistolam
876 2236 951 2292 illam
1003 2237 1490 2309 aeficiamiaaliudtempusrcseruat,
1504 2240 1803 2308 saltemuabitscrr'bitc,
1862 2264 1864 2268 ⁴

145 2338 254 2396 stieu'to
273 2340 366 2394 auimo
379 2338 493 2410 legerit,
517 2335 597 2390 lacile
616 2332 821 2405 deprelreudet,
842 2346 876 2386 ιο
890 2331 952 2385 loco
1003 2345 1194 2400 quacumquea
1208 2330 1277 2386 uobis
1287 2333 1365 2388 scribi
1375 2335 1446 2390 decet
1461 2334 1496 2389 ad
1507 2333 1620 2390 soiumm
1634 2335 1803 2406 afflictarum,

144 2431 281 2492 sciscitari
298 2415 393 2495 illum,
410 2427 475 2500 quid
490 2427 589 2482 iterum
606 2423 781 2482 scribendum
797 2437 845 2493 per
864 2421 952 2476 Doro·
1004 2432 1028 2478 et
1041 2424 1193 2479 erectionem
1211 2429 1421 2496 confractorum.
1439 2468 1466 2483 ..
1483 2444 1529 2502 uec
1543 2427 1650 2483 aliunde
1660 2429 1805 2498 expectatio

145 2518 241 2584 tirsum
251 2514 369 2582 Romam
383 2525 446 2578 cum
459 2520 633 2577 sanctissimo
649 2519 852 2589 prolecturum;
869 2513 953 2584 sitpti-
1004 2516 1061 2570 uiiu
1072 2517 1175 2585 ccciiii,
1186 2519 1235 2573 nisi
1246 2518 1371 2576 Oomiam
1382 2538 1428 2592 per
1440 2536 1521 2588 aas,o
1532 2520 1624 2592 paibus
1635 2522 1807 2578 sincereeoii·

145 2620 209 2677 dem
221 2617 313 2674 statim
326 2617 511 2688 prosequitur,
521 2629 579 2684 quar
588 2613 668 2683 igitur
682 2627 726 2680 per
738 2612 807 2684 ipsos
818 2607 953 2664 scribendo
1005 2615 1058 2675 tur,
1069 2610 1167 2664 miserit
1179 2611 1312 2668 medelam.
1323 2612 1391 2669 Tum
1400 2612 1561 2670 deinderem
1571 2615 1737 2687 aggreditur,
1746 2631 1806 2671 cau·

144 2708 214 2779 usti,
234 2721 281 2766 urst
294 2709 422 2781 quamodo
436 2724 498 2764 cum
518 2705 690 2763 scribentibus
713 2705 822 2759 consilia
844 2704 954 2774 conjun-
1004 2715 1103 2772 sasque
1115 2703 1341 2774 grauissintas,ob
1355 2722 1423 2777 quas
1437 2707 1594 2778 apostolicae
1605 2708 1807 2766 sedisauctori·

144 2803 246 2879 peuda,
261 2800 383 2874 equidem
401 2800 504 2856 dubito.
527 2799 581 2855 Sed
599 2800 622 2853 si
645 2799 696 2852 cito
716 2797 846 2868 reperias,
861 2795 904 2866 pui
920 2793 954 2848 ad
1007 2802 1089 2850 tatem
1104 2793 1251 2868 efflagitat,
1267 2813 1298 2853 ac
1311 2813 1397 2870 pauca
1408 2799 1442 2856 de
1455 2799 1553 2856 Ariana
1565 2801 1665 2858 lraeresi
1676 2803 1759 2860 veluti
1773 2803 1808 2860 ab

146 2912 196 2951 stas
208 2893 427 2968 proficiscantur,
441 2891 514 2947 nobis
528 2906 657 2962 exponere
670 2904 723 2943 noa
739 2887 876 2958 grutaria:
891 2885 955 2939 milri
1004 2886 1136 2944 Ecclesiae
1149 2905 1265 2962 corpore
1279 2893 1419 2958 abscissa,
1437 2903 1519 2965 atquo
1535 2893 1597 2950 ideo
1608 2895 1696 2950 tainus
1708 2895 1742 2951 ati
1756 2912 1807 2953 uo·

97 3040 102 3047 ,
146 2990 217 3044 enim
230 2983 299 3042 uertit
311 2986 339 3039 iu
351 2993 461 3040 utentem
472 2984 540 3039 iliud
556 2982 688 3037 Diomedis
700 2994 838 3052 usurpare,
855 2979 954 3033 utinam
1006 2982 1121 3037 cendum
1142 2993 1204 3054 apta
1220 2999 1280 3039 curn
1303 2985 1456 3054 attigisset,
1479 2987 1515 3043 ita
1532 2987 1637 3057 pergit:
1655 2987 1707 3056 Qui
1720 2999 1807 3043 autent

148 3088 334 3152 precatusston
348 3094 432 3142 esses,
449 3077 587 3148 quoniam,
609 3076 702 3145 iuquit,
717 3074 804 3128 viseti
817 3072 951 3142 superius·
1006 3076 1073 3148 peiie
1096 3077 1171 3132 acino
1192 3078 1277 3133 induti
1291 3088 1366 3145 tunt,
1382 3096 1413 3134 ac
1437 3082 1548 3153 speciem
1565 3080 1687 3136 blandam
1707 3098 1761 3153 prce
1780 3099 1808 3137 sc

149 3171 256 3228 Etenim
269 3172 292 3226 si
306 3164 379 3226 u‘tlbis
391 3171 509 3244 piaretur
525 3168 667 3234 Domitmt,
681 3184 792 3239 quartum
805 3167 858 3221 aiio
871 3164 990 3229 admi-C
1007 3171 1094 3239 seruat
1105 3185 1135 3222 ac
1148 3169 1240 3235 leaettt,
1260 3171 1329 3225 iuius
1341 3186 1402 3226 uero
1416 3170 1544 3227 dilaniant
1557 3173 1697 3235 crudeliter
1707 3170 1805 3228 Citristi

148 3267 237 3322 tritula
251 3263 419 3337 indipemusl
435 3261 484 3320 Sin
498 3274 583 3318 atttent
597 3271 740 3335 perseuerat
754 3258 954 3330 imbricatis
1005 3275 1118 3334 prepete,
1132 3269 1157 3316 ei
1168 3271 1323 3334 propterca,
1339 3263 1408 3332 quod
1419 3278 1451 3317 ea
1462 3261 1536 3317 nabis
1547 3264 1630 3317 exorti
1643 3273 1715 3328 suast,
1729 3264 1806 3333 [urile

147 3358 223 3414 scobis
233 3355 384 3431 presidium
396 3356 530 3425 supercilii
544 3351 742 3410 Occidentalis?
753 3352 858 3408 lieccns
868 3351 953 3407 antimi
1006 3352 1143 3423 perniciem
1153 3356 1269 3425 inlesum
1279 3353 1487 3427 sitrtpliciort'bus,
1495 3355 1522 3408 lri
1530 3365 1599 3418 sunt,
1610 3355 1655 3425 qui
1664 3354 1807 3410 molestiam

148 3444 230 3509 dolor
248 3449 285 3507 ob
306 3451 448 3522 prelatum
467 3447 581 3505 Meletio
602 3444 762 3514 Patr'linutu,
785 3445 842 3500 lraec
864 3445 954 3499 auito
1005 3445 1254 3518 exturbentacaprc
1268 3448 1344 3503 uitari
1358 3459 1475 3519 possum.
1487 3445 1711 3522 ,ratramnum
1722 3459 1808 3505 uestra

149 3544 326 3603 sanctissimo
336 3543 447 3599 duriora
458 3543 609 3613 expressim
626 3551 653 3596 at
663 3556 696 3596 ert
709 3539 744 3595 iis
754 3547 847 3610 aperte
858 3538 953 3609 liquet,
1005 3539 1267 3610 diiipentiaonmibus'
1279 3540 1411 3598 Ontsnrts
1420 3540 1545 3598 Eccicstis
1555 3543 1688 3598 derrutttict
1700 3585 1706 3597 .
1717 3583 1739 3597 ..
1752 3542 1808 3597 Ne·

149 3628 186 3697 lie
200 3636 365 3710 quibusnam
376 3636 480 3693 'litteris
493 3635 634 3692 Dorotbco
655 3634 772 3700 dandis,
793 3648 882 3706 quote
895 3633 955 3704 ejus
1006 3646 1076 3685 cesse
1088 3641 1126 3686 est
1137 3642 1222 3686 autem
1239 3633 1333 3689 borrtrn
1346 3634 1501 3688 nominatim
1516 3635 1670 3697 meminisse,
1682 3645 1711 3690 ut
1720 3635 1808 3704 stipsi

151 3723 465 3790 itittti‘e'tuttc³8asilius
478 3738 582 3801 ageret.
599 3722 717 3784 bittine
733 3728 823 3798 itatpue
843 3740 956 3781 successe
1006 3728 1808 3799 copuascatt'seos,quiturbasapudaasatoumt,casqucuastris

151 3835 205 3891 est,
219 3816 429 3881 tttOortitlreum
441 3824 541 3893 ipsum,
555 3804 702 3879 Eusebium
719 3822 745 3876 in
758 3819 872 3877 Thracia
886 3819 955 3892 Scy·
1008 3815 1132 3873 Ecclesiis
1146 3834 1312 3876 utntrrsros
1330 3821 1415 3893 [acite.
1437 3819 1557 3875 Primum
1571 3819 1642 3875 inter
1654 3835 1701 3875 eos
1717 3821 1807 3875 lacum

148 3911 294 3976 'ibis'lorte
304 3916 647 3988 prailiuioreessulantem
659 3915 809 3971 accessisse
821 3915 954 3979 dicemus,
1008 3910 1128 3980 assignat
1145 3911 1287 3967 Eustltatio
1302 3911 1468 3978 sebasteno,
1484 3913 1599 3968 aiterum
1619 3909 1807 3981 Apollinario3

153 4011 186 4067 'tit
200 4008 239 4066 iili
261 3999 481 4066 outtensattun
502 4019 593 4064 rerum
609 4016 710 4064 statum
737 4020 856 4078 praesens
870 4019 956 4075 espo-
1008 4003 1105 4076 hisque
1117 4006 1227 4062 tandem
1238 4006 1381 4063 Paulinum
1392 4007 1524 4080 adjungit,
1534 4023 1696 4079 quamquam
1709 4006 1809 4063 minori

154 4103 341 4173 tt'eret,ut1od
359 4076 458 4158 lacere
475 4108 533 4173 ‘per
556 4100 700 4170 epistolant
728 4096 806 4154 laeiie
830 4107 955 4170 poterat:
1008 4096 1081 4153 burto
1100 4114 1161 4154 cunr
1187 4099 1333 4167 libertate,
1357 4116 1389 4156 ac
1403 4100 1479 4157 uelut
1503 4101 1682 4157 subdubitans
1706 4109 1808 4172 tarrgst.

145 4198 345 4272 ‘pruie'r'eaqtre
354 4195 466 4251 minime
474 4188 605 4252 credibile
613 4203 664 4261 est,
679 4194 774 4266 presby
780 4199 866 4248 tcrttnr
880 4191 956 4246 illum
1009 4192 1183 4248 Eustbatium
1194 4194 1283 4264 itaque
1294 4204 1351 4265 post
1360 4205 1490 4268 acceptam
1501 4195 1591 4251 Eortrcc
1600 4194 1711 4249 Parrum
1719 4192 1807 4264 fidem,

151 4283 436 4355 lubricamentum
458 4301 508 4353 co,
524 4284 596 4358 quod
615 4288 779 4357 scripserat,
802 4283 957 4339 discrimine
1009 4297 1036 4344 et
1047 4287 1080 4342 ud
1094 4289 1315 4343 continuatorem
1330 4288 1495 4355 adrtttssurn,
1512 4305 1582 4345 ntrnc
1596 4291 1667 4345 taur
1681 4304 1728 4345 sos
1748 4303 1822 4345 esse

155 4366 311 4439 lintioebiae
332 4379 448 4450 positam
471 4379 599 4434 deserere
616 4377 754 4453 noluisse,
769 4383 799 4431 ut
821 4375 871 4431 iter
890 4370 958 4430 uilril
1010 4380 1061 4447 ait,
1077 4380 1123 4451 qrri
1146 4380 1378 4436 consubstantiale
1400 4380 1598 4448 condemnant,
1615 4396 1646 4435 ac
1661 4381 1757 4435 ducem
1778 4394 1809 4436 se

159 4473 342 4545 pumturum,
358 4470 418 4528 sire
432 4472 459 4526 la
473 4469 630 4538 lunulam,
647 4472 704 4527 sire
718 4471 744 4526 in
759 4467 958 4540 Cappadociam
1010 4471 1132 4543 prebere
1142 4468 1455 4526 Pneumatomaclrorum
1469 4470 1597 4527 haeresis:
1609 4470 1808 4541 Apollinarium

151 4563 328 4631 institueret,
345 4563 463 4636 lryemali
484 4565 657 4635 potissimum
681 4575 814 4635 tempore,
830 4563 902 4636 quod
927 4561 1000 4630 iisI)
1012 4581 1087 4633 tero,
1102 4565 1292 4636 intemperanti
1303 4562 1440 4620 scribendi
1456 4563 1585 4621 facilitate
1602 4579 1691 4630 usum,
1708 4578 1739 4619 ac
1755 4577 1809 4619 non

151 4641 460 4729 “iuiocis'p‘erdillicilm
484 4672 516 4713 ac
529 4658 782 4728 perincommadum
803 4673 864 4713 esse
878 4657 958 4722 solet,
1010 4658 1102 4729 petitis
1111 4673 1142 4713 et
1155 4658 1296 4727 Scriptura
1308 4655 1522 4727 probationibus,
1531 4655 1579 4711 sed
1591 4656 1716 4712 immanis
1728 4655 1812 4712 ratia-

151 4748 266 4821 'tgoodse
279 4749 338 4822 iarn
353 4763 440 4822 prope
454 4751 560 4818 aderat,
576 4749 769 4806 cum'Busilius
780 4751 814 4805 ad
826 4765 887 4805 eum
901 4750 958 4803 An·
1012 4750 1091 4806 nibus
1107 4751 1244 4817 innisum,
1261 4751 1288 4806 in
1299 4751 1390 4807 uarios
1403 4765 1511 4805 errores
1525 4749 1629 4819 lapsum
1646 4765 1718 4818 esse,
1735 4751 1762 4805 in
1778 4749 1812 4805 iis

151 4842 269 4899 ‘ttocutae
282 4853 408 4915 agentem
421 4843 578 4914 rescripsit,
595 4856 625 4899 ut
639 4844 771 4915 superiori
786 4844 873 4913 capite
889 4840 961 4898 ridi·
1012 4850 1181 4918 praesertim,
1198 4864 1258 4918 aute
1273 4850 1307 4906 de
1328 4849 1516 4905 incarnatione
1531 4848 1696 4914 tradiderat,
1713 4859 1740 4904 ιιι
1752 4848 1810 4919 jam

151 4937 231 4992 dius.
246 4934 358 4991 Certum
385 4935 477 5007 itaque
497 4946 642 5008 ratumque
656 4938 705 5001 sit,
720 4935 850 4991 Basilium
872 4936 959 5004 ipsum
1012 4943 1101 5013 pauci,
1113 4944 1159 5014 qui
1182 4944 1216 4998 ab
1231 4960 1263 5000 ιο
1282 4944 1384 5013 scripta
1408 4945 1546 5016 legerant,
1571 4944 1687 5014 priscam
1700 4941 1812 5014 pietatis

151 5022 489 5098 ‘1²⁰0'200022b‘ss050b50
510 5044 652 5103 flumme,
674 5047 734 5102 (1¹1ae
757 5046 852 5086 rutilis
864 5030 961 5085 dindae
1015 5034 1129 5098 sormam
1150 5047 1301 5091 seruarent.
1316 5035 1439 5108 Denique
1458 5036 1530 5108 quod
1545 5035 1577 5090 ad
1593 5036 1732 5091 Paulinum
1746 5033 1811 5087 atti-

152 5119 459 5190 ‘dttdt‘ae'borotit'em-iu
472 5120 657 5193 Occidentem,
671 5123 744 5180 unde
757 5138 810 5178 uon
825 5123 871 5178 diu
882 5133 962 5178 antea
1015 5136 1072 5195 uet,
1087 5128 1145 5184 trac
1159 5144 1243 5199 pauca
1257 5129 1398 5185 dumtaxat
1410 5131 1513 5186 scribit.
1527 5128 1653 5184 Paulinus
1664 5136 1750 5181 utrum
1764 5126 1815 5183 uii-

149 5206 437 5279 Ytiretteratfitctttm
454 5216 576 5273 tbeurtti.
1016 5221 1079 5293 pstid
1104 5232 1127 5276 et
1148 5223 1216 5276 circa
1239 5210 1431 5278 ordinationem
1455 5219 1647 5294 reprehensioni
1673 5215 1814 5274 obnoxium

195 5300 326 5364 ilcldbiit
338 5307 423 5378 igitar
443 5306 597 5365 borotbeus
623 5309 767 5382 presbyter
789 5308 886 5366 iterato
908 5307 963 5363 ltu-
1017 5314 1118 5381 babeat,
1132 5317 1183 5386 ipsi
1199 5317 1325 5371 diceritis.
1342 5315 1588 5371 Nasscncrnoerore
1600 5310 1694 5381 officit,
1706 5314 1776 5383 pusd
1786 5313 1815 5367 in

153 5398 487 5470 ‘illimffseetrtttiuetuiit
499 5400 641 5473 epistolam
656 5399 835 5457 Orientalium
852 5403 963 5457 nomino
1018 5404 1137 5466 ilareeiii
1153 5407 1274 5478 dogmata
1292 5407 1448 5478 propendet,
1468 5421 1499 5459 ac
1518 5402 1589 5458 iliius
1602 5411 1741 5459 sectatores
1761 5405 1816 5460 tine

151 5488 494 5564 albastttosertpsamtn
510 5495 597 5552 reteri
616 5494 803 5564 editione‘il‚
817 5495 844 5550 in
860 5511 962 5568 nupera
1017 5499 1166 5555 discrimine
1188 5499 1222 5553 ud
1249 5515 1322 5553 suam
1345 5498 1549 5553 communionem
1573 5495 1686 5551 admittit
1707 5514 1717 5554 .·
1742 5497 1815 5569 quod

163 5584 228 5643 263.
256 5585 321 5643 lice
344 5601 412 5643 tero
437 5587 566 5657 lenitate,
591 5597 672 5660 atque
697 5587 853 5647 hsmditsto
878 5597 963 5658 tsnta,
1018 5600 1181 5649 tamennon
1204 5590 1759 5662 diupusteaabeodemetismtttstlta,
1785 5603 1815 5646 re

201 5707 244 5856 iii
262 5709 504 5857 {ffiffiifffip
518 5783 564 5854 ss,
580 5800 655 5845 num.
670 5783 698 5841 s.
1056 5713 1093 5786 (ε)
1113 5715 1155 5773 Μ
1169 5730 1233 5773 ³⁰⁰⁶
1247 5712 1311 5782 ὄπ’
1324 5713 1456 5787 ''⁰¹⁰'‘2'5
