3900 6134
59 165 133 227 taor
797 152 975 212 nunaunt.
1647 146 1725 207 reos

61 284 168 343 abbatis
188 281 380 355 conjiciebant.
403 277 491 350 Quem
514 289 619 334 morem
641 271 861 344 antiquissimum
874 273 902 334 Δ
915 284 980 326 num
1001 270 1159 345 episcopum
1181 269 1209 326 in
1237 268 1352 326 ecclesia
1371 280 1421 324 sua
1443 265 1616 332 instituisse,
1639 270 1726 334 atque

64 390 126 434 esse
141 374 240 447 probat
253 383 347 429 noster
362 370 520 428 Edmundus
535 368 656 426 blartene
669 375 709 421 ιο.
724 364 746 420 ll
761 364 864 422 dedn-
918 363 991 420 hunc
1001 378 1084 419 unum
1095 363 1304 420 abAntloclrena
1316 361 1433 418 ecclesia
1443 359 1478 417 ad
1488 367 1727 428 caeterasperma·

65 468 117 540 tiq.
129 467 203 524 Eccl.
218 466 264 523 rit.
281 480 342 538 pag.
356 463 418 520 etl.
920 470 1001 513 nasse
1023 456 1148 514 Socrates
1168 455 1217 511 lib.
1238 471 1280 521 rr,
1293 469 1319 511 c.
1335 453 1363 520 8,
1379 459 1543 510 auctorest.
1561 452 1619 507 lloc
1640 449 1725 505 etism

102 559 130 617 9.
147 558 271 614 Mulieres
281 558 427 613 demonum
441 554 606 611 illusionibus
613 547 868 617 retinete-Quod
920 551 1024 609 Plinius
1034 551 1114 622 epist.
1131 548 1194 616 lot,
1208 548 1243 605 ad
1264 549 1409 619 Traianum
1427 562 1487 603 sese
1510 561 1528 602 a
1553 542 1726 600 Citristianis

68 654 97 710 in
112 653 225 708 decreto
243 651 307 709 lide
332 650 493 706 mulienbns
514 648 670 703 daenronum
696 644 871 701 illusionibus
922 645 1090 716 comperisse
1112 644 1223 710 scribit,
1248 642 1345 714 «queo
1365 649 1460 697 essent
1485 638 1559 695 soliti
1582 647 1658 692 stato
1680 634 1730 690 die

72 749 195 806 seductis
211 747 338 818 legimus,
360 743 494 799 babemus
507 754 536 800 et
558 743 585 798 in
610 741 763 813 appendice
778 749 817 794 ιο.
834 736 870 794 tl
923 747 986 794 ante
1000 738 1088 793 lucem
1108 737 1265 803 convenire,
1277 749 1441 805 carmenque
1454 733 1564 789 Christo
1573 731 1654 803 quasi
1671 728 1731 784 Deo

72 842 230 913 Augustini,
248 841 294 895 lib.
309 839 343 895 de
363 838 466 909 Spiritu
487 846 515 893 et
538 836 637 892 Anima
652 849 678 890 c.
692 833 739 899 28,
752 848 785 887 ac
798 831 873 887 velut
924 829 1015 888 dicere
1035 846 1128 887 secum
1147 831 1264 885 inlicem.
1286 848 1296 882 ι
1314 827 1407 900 Neque
1426 825 1581 883 auctoritati
1599 823 1664 879 lmic
1678 820 1732 877 de·

71 951 106 992 ex
121 949 225 990 οιιιοιιο
248 932 261 987 l
281 933 419 1003 Ancyrnnl
434 929 543 987 concilii
559 934 660 983 citatur
679 943 693 982 a
715 924 873 983 Burcbardo
926 923 1008 980 trabit
1022 921 1259 994 quidquam,quod
1270 920 1453 977 Tertullianus
1464 917 1611 990 Apologet.
1626 911 1733 987 cap-2,

70 1026 120 1085 lib.
147 1043 175 1094 x,
192 1043 218 1082 c.
244 1027 276 1088 ις
293 1024 376 1080 Ιιοιιο
404 1039 431 1094 p.
448 1024 493 1090 ll,
510 1037 535 1079 c.
564 1022 609 1088 bb,
636 1031 664 1077 et
683 1019 812 1077 Gratiano
824 1019 872 1087 26,
926 1016 997 1073 istud
1020 1015 1128 1071 inuicem
1149 1013 1343 1086 praetcrrrrittit,
1367 1011 1514 1069 aedicere
1538 1010 1607 1067 satis
1634 1007 1732 1074 babet,

19 1164 22 1169 .
71 1131 170 1194 quest.
186 1123 214 1181 5.
230 1135 256 1177 c.
275 1118 319 1176 ld.
346 1116 396 1174 Cui
421 1116 631 1189 adjudicandum
648 1117 694 1181 sit,
719 1131 772 1171 uon
797 1113 875 1170 iacile
927 1107 1042 1165 Plinium
1056 1109 1090 1164 ad
1103 1107 1250 1178 Traianum
1263 1105 1421 1177 scripsisse,
1440 1123 1450 1158 ι
1469 1103 1537 1160 uilril
1551 1101 1628 1158 uliud
1647 1115 1680 1157 se
1699 1098 1737 1156 de

72 1215 229 1271 deliniatur.
245 1210 285 1269 Ad
297 1211 456 1282 predictum
473 1211 507 1267 de
520 1211 620 1280 spiritu
634 1217 662 1265 ct
673 1211 762 1264 anime
776 1207 876 1264 librum
913 1200 1108 1279 λιοιιιιιιοιιίο
1136 1214 1231 1257 corum
1259 1196 1514 1273 (Christianorum)
1544 1196 1737 1266 comperisse,

73 1306 268 1380 quodattinet,
282 1318 344 1360 cum
358 1305 382 1359 is
401 1318 472 1374 pene
488 1317 580 1359 merus
600 1309 680 1357 cento
693 1300 729 1357 sit
743 1315 777 1355 ex
794 1298 878 1355 variis
929 1311 1010 1369 quam
1022 1303 1108 1351 coetus
1131 1292 1307 1348 antelucanos
1329 1290 1364 1347 ad
1389 1289 1542 1348 cauendum
1567 1288 1684 1344 Cbristo
1710 1294 1740 1342 et

74 1400 211 1469 excerptis
229 1396 414 1467 undequaque
434 1395 514 1450 lectis
536 1392 681 1461 coronatus,
695 1400 767 1448 lotus
781 1390 829 1446 ille
844 1390 878 1446 de
931 1386 998 1443 Dec.
1018 1406 1027 1440 ι
1044 1386 1083 1442 lbi
1094 1385 1167 1441 euim
1191 1383 1376 1449 Tertulliano,
1399 1382 1482 1438 Plinii
1504 1396 1558 1438 ιιοιι
1578 1391 1636 1437 tam
1650 1378 1740 1435 uerba

77 1491 199 1550 seductis
212 1487 381 1545 mulierculis
402 1487 480 1543 locus
502 1485 613 1541 aliunde
636 1484 757 1541 adscitus
781 1480 880 1538 merito
932 1493 1012 1552 quam
1036 1477 1199 1535 sententiam
1225 1476 1369 1536 relerenti.
1395 1475 1468 1532 licita
1499 1473 1550 1531 luit
1574 1472 1741 1545 hujusmodi

78 1593 234 1642 censentur.
253 1581 307 1638 Sed
327 1595 416 1651 neque
437 1581 507 1634 inter
521 1576 704 1649 Anquirensis
724 1591 773 1631 seu
787 1576 879 1646 lncy·
932 1570 1137 1645 praetermis-io.
1152 1568 1194 1625 Ex
1208 1578 1300 1624 mutua
1310 1576 1400 1624 autem
1413 1567 1560 1624 verborum
1576 1566 1660 1623 Plinii
1672 1564 1745 1621 Ter·

79 1679 138 1734 rani
159 1674 268 1732 concilii
289 1687 409 1730 semones
430 1681 581 1741 comparet.
604 1669 731 1725 Restaret
752 1667 835 1739 igitur
852 1676 883 1721 ut
897 1672 921 1732 Β
936 1667 1098 1737 tullianique
1117 1666 1263 1721 collatione
1278 1679 1364 1735 prope
1378 1673 1454 1719 certa
1472 1660 1581 1718 ridetur
1594 1659 1744 1716 Lomberti

79 1769 157 1827 ilium
182 1766 371 1838 prenominati
394 1778 529 1819 canonum
550 1762 744 1834 compilatores
770 1775 803 1817 et
830 1759 885 1816 llo·
936 1761 1103 1832 coniectura,
1120 1775 1172 1830 qua
1188 1775 1238 1831 pro
1252 1758 1354 1815 cbristo
1375 1768 1399 1813 ct
1419 1757 1486 1826 Deo,
1505 1755 1577 1829 aprrd
1593 1753 1747 1811 Tertullia-

82 1874 172 1918 mnnse
192 1857 288 1930 synodi
302 1858 386 1928 gestis
400 1857 427 1912 in
446 1858 501 1911 rita
525 1856 635 1911 Damasi
655 1854 772 1909 laudatis
792 1867 886 1922 sump·
937 1871 1001 1911 num
1025 1853 1127 1909 Cbrluo
1153 1862 1180 1907 nt
1201 1853 1256 1908 Deo
1276 1851 1475 1908 restituendum
1495 1864 1556 1907 esse
1578 1848 1748 1904 arbitratur.

84 1954 154 2011 sisse
176 1952 376 2022 iudicarentur,
407 1949 458 2006 nisi
489 1948 545 2005 duo
572 1949 713 2005 obstarent
732 1965 738 2002 :
757 1949 885 2018 primum,
937 1948 1086 2018 Quirenim
1101 1963 1156 2004 non
1169 1948 1377 2014 anirnudrertat,
1389 1961 1450 2002 eum
1464 1944 1529 2000 illud
1543 1943 1626 2000 Plinii
1638 1941 1751 1998 Citristo

84 2043 158 2117 quod
173 2060 189 2098 a
201 2045 276 2100 nullo
287 2058 380 2099 eornm
393 2053 441 2098 aut
453 2040 572 2097 Damaso
581 2053 628 2097 ant
641 2042 770 2096 Romame
782 2039 887 2115 synodo
938 2043 1014 2115 quasi
1029 2042 1084 2097 Deo
1095 2041 1249 2113 exprimere
1264 2039 1402 2108 uoluisse,
1416 2039 1539 2110 adeoque
1551 2046 1579 2091 ιι
1594 2051 1646 2108 pro
1656 2036 1749 2107 quusi,

85 2139 263 2204 attribuatur;
278 2137 406 2203 alterurn,
423 2133 495 2205 quod
508 2134 580 2206 apud
596 2135 656 2191 illos
667 2135 772 2205 plenior
781 2135 887 2190 eliute·
939 2151 994 2192 nnn
1009 2143 1049 2202 et,
1065 2133 1192 2190 oebmsse
1206 2132 1347 2190 scribere?
1360 2129 1440 2188 Certe
1459 2131 1486 2187 in
1511 2128 1652 2186 ueteribus
1666 2128 1749 2184 libris

85 2233 171 2305 griur,
188 2231 214 2285 io
230 2230 284 2285 rita
302 2240 393 2286 autem
410 2230 517 2285 Damasi
534 2231 620 2301 mangis
634 2230 743 2298 jejunus
754 2244 786 2284 ac
803 2227 890 2284 mani·
941 2238 965 2287 et
978 2244 1027 2301 pro
1042 2239 1070 2282 nt
1088 2227 1215 2300 lrequens
1234 2227 1341 2298 legitur.
1367 2225 1402 2282 Et
1416 2226 1443 2283 ld
1459 2224 1567 2296 quidem
1584 2224 1631 2280 bic
1650 2223 1748 2280 obser·

85 2323 157 2380 leste
180 2321 337 2378 decurtatos
360 2329 491 2395 appareat
503 2338 510 2375 :
522 2319 646 2391 adeoque
669 2320 725 2376 illle
753 2335 786 2376 ex
815 2318 891 2375 lonte
942 2324 1059 2381 reundum
1081 2323 1162 2388 duxi,
1178 2331 1208 2377 ut
1220 2320 1293 2394 quud
1307 2321 1433 2392 superius
1448 2335 1509 2391 pag.
1522 2319 1557 2376 59
1572 2318 1601 2374 in
1616 2316 1743 2375 eumdem

86 2427 182 2485 purus,
200 2413 243 2467 lrie
257 2421 350 2467 autern
367 2421 513 2480 corruptus
527 2410 604 2465 linat.
620 2410 743 2477 Brerius,
763 2409 812 2465 sed
828 2408 891 2465 brtic
942 2415 1100 2473 'sauriniani
1127 2416 1215 2471 locum
1240 2431 1274 2470 εχ
1297 2415 1431 2471 relatione,
1453 2428 1508 2470 110„
1527 2413 1597 2469 gatis
1617 2419 1745 2467 accurata

91 2505 206 2562 omniuo
218 2501 307 2557 Silllsse
319 2510 361 2557 θὸῑ
374 2501 514 2557 decleltlnt
529 2499 614 2566 aliud,
630 2501 704 2571 quod
717 2499 892 2555 Bracchardus
943 2509 1031 2567 obiter
1043 2517 1203 2565 annotatum
1214 2508 1318 2575 sugg-gg,
1334 2507 1397 2564 inde
1415 2508 1579 2578 colligatur.
1597 2502 1700 2562 verum
1716 2513 1749 2560 ug

89 2596 138 2654 lib·
154 2612 185 2662 ¹,
199 2611 224 2651 θ·
238 2594 284 2658 29·
301 2605 328 2650 0²
341 2595 387 2651 ¹⁸¹⁰
402 2610 431 2665 D·
448 2595 530 2657 1¹·0·
545 2595 592 2660 5⁴2
612 2609 647 2650 0¹
660 2593 810 2665 Agatbensi
824 2608 892 2650 θοι·
944 2599 978 2656 ad
992 2599 1029 2667 ιιι,
1044 2599 1115 2655 unde
1137 2598 1253 2671 digressi
1279 2597 1435 2665 fueramus,
1450 2597 1622 2670 regrediatur
1634 2597 1747 2661 oratio,

95 2689 160 2747 cilio
174 2705 199 2745 c.
215 2688 338 2755 lcitont,
353 2687 524 2758 quamrisab
538 2689 590 2744 troc
601 2688 717 2743 concilio
731 2688 833 2758 pariter
846 2687 894 2743 ab·
945 2692 1050 2750 Plinius
1064 2692 1118 2760 ibi,
1136 2708 1188 2748 non
1203 2706 1282 2748 secus
1293 2699 1374 2762 atque
1388 2691 1518 2748 &frares
1531 2704 1621 2760 snpra,
1638 2697 1748 2744 unium

91 2785 145 2843 sit:
160 2803 170 2837 ι
188 2784 402 2854 Perquirendum
422 2793 464 2840 est
487 2783 510 2839 si
531 2783 621 2853 aliqua
643 2783 751 2838 lemimu
773 2781 819 2848 sit,
835 2797 895 2852 qum
946 2783 1275 2858 hymnosquosdam,non
1287 2785 1435 2856 generatim
1451 2780 1751 2854 psalmnslnclminria-

93 2893 144 2950 Per
159 2876 282 2948 ‘D1aed2m
296 2875 677 2932 ¹⁰²¹0fi⁰i²015ss021112150¹¹0⁸
689 2883 794 2930 menies
808 2873 897 2929 'totui-
947 2894 1044 2935 norum
1062 2880 1177 2935 coetilms
1192 2879 1345 2936 alternatum
1358 2878 1519 2935 decantatos
1531 2884 1677 2932 memorat.
1688 2874 1754 2931 Plc-

94 2984 161 3027 num
176 2984 208 3024 ὅθ
223 2971 368 3024 immuiilss
390 2981 471 3038 l>⁰⁵le
486 2966 570 3033 dicat,
584 2966 611 3023 id
625 2979 679 3034 est,
695 2976 724 3021 ut
741 2965 777 3021 ⁴¹0
790 2965 854 3021 ⁰⁶10
870 2967 896 3021 in
948 2973 1027 3045 rique
1045 2988 1109 3029 reru
1128 2972 1268 3029 decretum
1290 2973 1401 3028 allatum
1423 2973 1458 3028 de
1480 2973 1649 3044 psalmorum
1669 2978 1754 3026 canto

94 3075 231 3126 imment,
246 3069 294 3115 ²1¹2
308 3059 342 3116 de
356 3074 450 3115 initiis*
464 3059 492 3114 1¹¹
503 3059 595 3115 militm
606 3069 759 3124 convertat,
771 3058 1059 3126 auiblbiilCalternis
1093 3066 1199 3123 vicibus
1230 3065 1393 3123 celebrando
1429 3067 1664 3136 interpretantur,
1704 3078 1756 3119 nec

97 3158 240 3215 hominum
256 3167 304 3213 aut
318 3156 426 3214 damnet
442 3165 488 3213 aut
504 3155 637 3228 subripiat
649 3174 657 3212 :
669 3167 696 3213 et
706 3157 730 3213 si
742 3157 831 3228 aliqua
845 3166 897 3225 est,
950 3161 1058 3218 aliunde
1071 3159 1186 3233 permoti
1204 3162 1349 3217 Damasum
1364 3175 1430 3217 usur
1453 3161 1532 3230 trojus
1550 3167 1695 3215 auctorem
1710 3157 1753 3214 sa.

98 3269 160 3326 quae
177 3268 208 3310 se
221 3251 295 3308 dieat
308 3267 370 3308 cum
384 3250 538 3307 daemonum
550 3249 628 3307 turba
649 3251 676 3306 in
692 3251 898 3306 similitudinem
950 3256 1034 3312 ciunt.
1057 3254 1135 3323 Quod
1154 3254 1261 3326 quidem
1286 3256 1321 3310 ita
1348 3269 1506 3328 persuasum
1528 3253 1649 3310 ilabebat
1672 3263 1749 3309 retus

97 3350 243 3406 mulierum
266 3346 457 3403 translormata
475 3344 558 3401 certis
574 3346 701 3402 noctibus
714 3345 838 3414 equitare
852 3360 900 3397 su·
951 3348 1069 3417 scriptor
1082 3363 1098 3403 a
1111 3347 1266 3403 liabillnnio
1280 3355 1374 3403 nostro
1389 3347 1464 3420 prcei.
1481 3346 1507 3403 in
1524 3363 1544 3403 ιι
1557 3362 1619 3419 par.
1633 3362 1701 3403 suec.
1716 3361 1755 3414 tr,

97 3458 149 3516 per
161 3441 291 3513 quasdam
303 3441 406 3497 bestias
416 3481 424 3505 ,
434 3447 463 3494 et
477 3439 503 3494 in
515 3454 610 3494 eorum
621 3439 902 3495 consortioannnme-
952 3437 1012 3494 Act.
1028 3438 1130 3495 Bened.
1147 3455 1174 3495 n.
1190 3439 1244 3496 ild
1259 3439 1411 3504 Laudatus,
1426 3451 1456 3496 ut
1470 3442 1496 3494 ln
1508 3439 1695 3512 Cbronologia
1711 3440 1758 3495 Li·

99 3546 189 3590 ratam
212 3548 287 3598 essm
307 3531 365 3587 baec
380 3532 444 3586 talis
465 3531 630 3587 omnimodis
652 3530 743 3602 scopis
762 3545 901 3602 correpta,
953 3530 1057 3587 rincnsi
1072 3530 1106 3587 de
1119 3531 1149 3589 S.
1164 3524 1308 3604 Agricnlo,
1321 3533 1368 3602 qui
1381 3548 1414 3589 es
1429 3532 1562 3589 Lirinensi
1575 3533 1709 3590 coenobiu
1723 3532 1761 3589 ad

100 3641 136 3683 ex
151 3626 279 3695 parocbia
292 3624 425 3696 ejiciatur.
446 3642 456 3677 ι
954 3626 1151 3683 Διοιιίοιιοοοῑο
1170 3627 1293 3683 ecclesie
1307 3625 1465 3682 cathedram
1479 3636 1572 3697 raptus
1591 3624 1692 3692 lrrerar,
1707 3641 1762 3683 ec·

139 3720 184 3776 lo.
209 3718 249 3774 De
269 3718 411 3774 literarum
429 3717 640 3773 celebrandorum
655 3719 729 3773 born.
749 3749 784 3759 -
802 3719 903 3776 Decre·
954 3735 1008 3791 que
1021 3728 1129 3775 cautum
1145 3719 1278 3775 alternum
1289 3720 1417 3777 inducere
1430 3721 1566 3785 uoluerat,
1582 3721 1654 3776 istud
1667 3722 1760 3776 tradi·

102 3812 244 3872 tumide
262 3812 336 3868 boris
351 3810 449 3881 qnibns
469 3811 566 3866 blissas
584 3811 723 3867 celebrare
740 3812 829 3877 liceat,
851 3827 904 3868 non
956 3810 1026 3867 derit
1040 3810 1082 3867 bis
1094 3809 1201 3867 rerbis:
1217 3831 1226 3863 ‹
1245 3809 1336 3867 Voluit
1356 3812 1437 3868 etiam
1458 3811 1540 3867 lroras
1558 3815 1712 3868 canonicas
1732 3822 1759 3869 ct

102 3911 195 3968 minus
210 3909 318 3963 ridetur
332 3905 465 3966 betilium.
479 3920 558 3976 quam
575 3904 700 3960 Nicceuus
714 3920 811 3973 canton,
828 3907 906 3978 cnjus
957 3902 1047 3961 dirirra
1070 3904 1160 3960 ulllcia
1184 3904 1312 3976 deinceps
1340 3906 1366 3961 in
1389 3904 1483 3962 eadem
1507 3907 1625 3962 ecclesia
1655 3908 1757 3964 eodem

103 4003 247 4060 renouatio
272 4002 300 4056 in
322 4015 355 4056 eo
370 3999 536 4056 obtenditur.
556 3999 629 4055 inter
648 4014 689 4067 ea,
711 4016 772 4069 qum
787 4001 907 4057 isidorus
958 3996 1054 4065 modu,
1070 4013 1123 4068 quo
1135 3998 1255 4054 solerent
1265 3999 1291 4053 in
1305 4000 1491 4067 monasteriis,
1505 4000 1614 4056 cltnnis
1630 4000 1766 4057 videlicet

105 4098 242 4154 Mercator
257 4095 351 4162 primis
361 4092 535 4162 pontificibus
544 4092 663 4159 elinxit,
673 4102 762 4148 exstat
773 4093 843 4147 istud
852 4094 906 4149 Te·
958 4090 1074 4146 cuntibus
1089 4092 1205 4147 recitari.
1217 4092 1342 4148 Nondum
1356 4094 1426 4149 enim
1443 4095 1470 4148 in
1484 4093 1537 4149 illis
1548 4092 1674 4165 partibus
1685 4095 1765 4148 irrra-

104 4187 228 4258 lespbori
252 4199 328 4255 papas
350 4183 461 4237 nomine
483 4201 490 4238 :
513 4202 522 4234 ι
547 4181 669 4252 Reliquis
688 4182 854 4253 temporibus
877 4186 908 4257 (a
960 4184 1048 4240 luerat
1061 4185 1107 4240 ille
1130 4200 1205 4247 mos.
1221 4200 1299 4256 quern
1318 4186 1420 4258 allqrrot
1441 4196 1504 4242 onte
1519 4201 1608 4242 armus
1628 4186 1765 4242 Domeros

106 4288 188 4340 nocte
216 4276 365 4335 nativitatis
390 4275 515 4346 Domini)
542 4274 683 4331 blissarum
709 4276 908 4336 celebrationes
959 4276 1081 4348 pontilex
1096 4278 1419 4335 maximusinrcnerar.»

106 4384 171 4433 ante
198 4373 293 4428 horam
320 4370 429 4426 tertiam
462 4367 575 4424 minime
601 4377 664 4424 sunt
688 4369 906 4439 celebrandre3r
998 4368 1041 4425 li.
1071 4367 1153 4423 biurio
1175 4371 1251 4442 lrug'us
1272 4379 1363 4425 auctor
1390 4368 1538 4427 Antbroaitu
1559 4373 1586 4427 in
1610 4371 1769 4432 Occidente.

107 4469 186 4538 cujus
200 4466 346 4523 lalsitatem
361 4464 396 4521 de
408 4465 467 4535 ipso
482 4461 650 4536 Telesphoro
664 4472 776 4534 ugentes
786 4479 848 4538 pag.
858 4466 904 4532 59,
922 4458 946 4520 D
960 4460 1102 4516 Flauianus
1123 4471 1145 4517 ct
1170 4462 1301 4517 Diodorus
1320 4463 1347 4517 in
1370 4462 1485 4519 Oriente.
1505 4494 1540 4504 -
1563 4463 1657 4520 Nilrilu
1673 4477 1772 4523 tamen

108 4558 294 4632 probavimus.
963 4557 1051 4611 minus
1065 4555 1174 4612 Cardin.
1195 4556 1268 4611 Dona
1288 4556 1324 4612 de
1342 4555 1399 4611 Diu.
1422 4556 1554 4628 psalmod.
1572 4572 1599 4614 c.
1614 4559 1666 4623 ld,
1682 4577 1715 4615 n.
1732 4563 1771 4629 l,

147 4654 192 4710 ll.
207 4654 248 4708 An
261 4653 419 4725 psalmorum
431 4651 539 4708 alternis
550 4652 649 4708 nleitm
664 4635 842 4709 canendorum
858 4653 911 4709 Du·

111 4762 199 4803 maeror
211 4745 246 4800 rit
260 4752 360 4798 auctor.
381 4775 417 4787 -
429 4744 573 4801 Decretum
585 4745 613 4809 8,
627 4760 682 4816 qno
697 4746 796 4803 dicitur
809 4748 837 4804 S.
856 4749 910 4804 Da-

111 4852 205 4894 masos
219 4835 413 4900 constituisse,
432 4855 441 4887 ι
458 4846 488 4889 ut
507 4837 602 4906 psalmi
619 4837 664 4893 ilie
681 4848 816 4910 troctnque
832 4856 913 4897 cone·

111 4942 208 4987 rentur
230 4943 279 5000 per
296 4942 391 4983 omnes
413 4928 559 4995 ecclesias,
578 4948 587 4981 ι
606 4938 688 5000 atque
710 4929 772 4995 boc,
793 4940 822 4984 ut
840 4933 911 5003 apud

112 5022 285 5080 Anastasium
308 5018 430 5086 additur,
447 5037 458 5072 ι
476 5019 643 5092 presbyteris
663 5034 688 5077 et
714 5023 849 5094 episcopis
869 5025 913 5082 rel

114 5113 288 5172 monasteriis
306 5132 316 5167 ι
335 5113 508 5185 precepisse,
526 5111 637 5184 intelligi
649 5112 793 5186 dupliciter
806 5126 910 5189 potest:

114 5207 157 5264 rel
171 5207 298 5263 nimirum
311 5215 342 5263 ut
363 5204 522 5277 simpliciter
535 5217 709 5274 canerentur,
726 5209 766 5263 rel
782 5217 810 5263 nt
827 5213 913 5266 alter·

114 5300 158 5357 nis
170 5299 285 5356 vicibus.
310 5306 429 5354 atvero
450 5297 522 5353 bunc
545 5312 649 5353 morem
665 5308 693 5353 ut
716 5314 764 5370 per
782 5300 913 5358 ecclesias

113 5394 213 5467 psalmi
233 5391 392 5464 simpliciter
409 5402 586 5459 canerentur,
602 5407 656 5447 non
680 5407 695 5446 a
718 5392 834 5450 Damaso
857 5410 913 5453 cce·

113 5487 205 5559 pisse,
220 5484 268 5542 sed
282 5485 317 5540 ab
327 5485 457 5543 Ecclesiae
471 5486 548 5542 initio
560 5501 667 5558 semper
681 5486 831 5544 obtinuisse
843 5491 914 5547 anti·

113 5576 222 5648 quitatis
236 5577 314 5648 periti
328 5578 456 5634 sentiunt.
474 5576 508 5635 Ut
522 5579 602 5634 etiam
623 5577 716 5651 hymni
733 5580 856 5636 nonnulli
871 5583 912 5637 al-

109 5671 192 5727 ternis
205 5670 529 5740 eborisdecantarentur,
554 5671 584 5728 S.
607 5669 739 5744 lgnatinm
760 5671 910 5751 bntiocbe·

962 4647 1064 4704 erroris
1075 4662 1123 4703 eos
1136 4656 1227 4716 notat,
1243 4648 1288 4719 qui
1300 4646 1443 4705 Damasum
1454 4660 1549 4706 cantus
1559 4650 1658 4706 alterni
1675 4653 1706 4707 in
1719 4654 1775 4710 0c·

962 4740 1069 4797 cidente.
1084 4752 1224 4797 aructorem
1237 4754 1379 4809 asserunt,
1398 4758 1459 4799 cmn
1480 4753 1615 4815 quotquot
1634 4745 1662 4801 in
1684 4749 1775 4804 latina

964 4834 1078 4890 eeclesia
1103 4834 1137 4892 dc
1159 4836 1244 4891 sacris
1265 4836 1361 4892 ritibus
1381 4836 1518 4904 scribunt,
1540 4837 1661 4894 induere
1688 4840 1776 4912 hujus

964 4929 1168 4986 consuetudinis
1179 4931 1292 5002 gloriam
1308 4930 1451 4987 ambrosio
1468 4931 1604 4997 tribuant,
1629 4934 1777 4993 nitantur·

964 5038 1017 5096 que
1033 5025 1188 5080 testimonio
1202 5024 1357 5095 nonpossint,
1369 5026 1415 5096 qui
1430 5023 1479 5081 lib.
1495 5041 1521 5080 ιι
1540 5024 1619 5081 Conl.
1634 5041 1661 5082 c.
1679 5030 1698 5083 'i
1716 5046 1777 5087 rem

964 5120 1102 5174 momoriae
1115 5118 1251 5174 mondavit
1265 5119 1291 5175 in
1304 5118 1374 5175 bunc
1385 5119 1494 5176 mudum
1507 5139 1533 5176 :r
1546 5120 1604 5177 llorr
1620 5121 1709 5195 longe
1719 5140 1779 5182 cte·

964 5222 1040 5286 perat
1053 5212 1258 5270 blediolanrnsis
1272 5214 1385 5270 ecclesia
1401 5230 1487 5286 genus
1504 5215 1556 5271 lruc
1568 5216 1777 5273 consolationis

965 5315 993 5363 et
1004 5304 1202 5361 exhortationis
1225 5305 1386 5373 celebrare,
1413 5322 1510 5378 rrragno
1536 5306 1629 5363 studio
1650 5307 1778 5367 trannin

965 5398 1166 5457 concinentium
1189 5398 1299 5455 uocibus
1319 5406 1347 5454 ct
1367 5398 1506 5455 cordibus.
1523 5398 1656 5455 Nimirum
1681 5417 1780 5459 annus

965 5501 1039 5558 erat,
1055 5499 1102 5546 aut
1115 5507 1169 5546 nort
1184 5493 1270 5548 multo
1283 5492 1418 5560 ampliuS,
1432 5507 1494 5548 cum
1515 5492 1622 5548 lustina
1644 5491 1780 5552 Valenti·

964 5585 1036 5641 niani
1060 5584 1130 5655 regis
1154 5585 1229 5657 pueri
1244 5594 1331 5641 mater
1344 5584 1481 5641 bominem
1497 5596 1573 5641 tuum
1589 5584 1779 5646 Ambrosium

965 5683 1174 5747 persequeretur
1195 5677 1307 5733 ltcerssis
1329 5691 1385 5732 sore
1409 5691 1511 5745 cansa,
1536 5689 1588 5746 qna
1607 5674 1700 5731 luerat
1725 5686 1781 5737 ee>
