3900 6134
141 246 195 305 035
690 239 853 301 numetis!
871 240 1026 301 ttt’lscott
1045 238 1256 299 cnunnttsttt
1751 234 1807 294 ⁹36

139 369 264 417 sanctum
279 355 452 419 credideris.
466 355 550 412 erede
563 354 629 411 mihi
649 356 721 427 qrtod
737 355 847 412 iuturus
860 357 897 411 sis
911 354 939 411 ln
952 360 979 420 Α
991 358 1069 429 queri
1079 373 1140 413 cum
1154 356 1301 413 diaboloet
1312 354 1440 411 omnibns
1452 354 1622 411 satellitibus
1630 350 1693 425 ejus
1707 350 1806 409 sidere

139 451 225 509 clnnro
241 449 469 519 patriarcharum,
481 448 676 520 prophetarum
689 489 697 513 ‚
710 450 897 519 apostolurum
910 462 943 506 ae
995 452 1124 522 cruperis.
1134 467 1184 507 cur
1200 450 1249 506 lias
1263 460 1317 506 tam
1329 448 1456 505 salubres
1467 448 1674 505 admonitiones
1690 454 1807 501 nostras

139 554 305 616 mertuorum
330 542 452 613 alioquin
476 541 525 597 tint
549 541 753 613 imputaturus,
767 558 829 597 cum
845 555 871 599 te
885 554 942 598 tor·
995 544 1166 615 despexeris.

290 788 589 867 FLORENTII
624 792 701 866 An
739 793 1058 868 LttctFuRttM
1094 795 1177 867 ΕΡ.
1218 778 1628 866 assumentium

818 938 1117 1023 EPISTOLA.

158 1258 161 1263 Ι
455 1188 635 1247 EPISTOLll.
995 1190 1153 1260 mandauit,
1170 1200 1198 1248 ct
1211 1206 1379 1264 cognoscere
1392 1190 1547 1260 desiderat,
1562 1192 1585 1247 si
1599 1190 1673 1248 idem
1686 1190 1805 1247 eodexa

233 1281 348 1339 Doctrina
363 1282 546 1356 deripuissimo
561 1284 681 1354 larcisaro
691 1266 933 1339 l'lorentins.”'““'
995 1294 1022 1339 te
1036 1284 1189 1340 destinatus
1204 1283 1250 1338 sit.
1267 1282 1294 1338 ld
1309 1298 1377 1354 ergo
1388 1283 1475 1354 ,qrrotl
1487 1284 1515 1337 in
1527 1282 1581 1338 lnle
1596 1282 1655 1337 ueri
1668 1290 1728 1349 est,
1745 1296 1806 1350 pcr-

178 1375 295 1431 Nomine
311 1384 357 1432 tuo
367 1374 493 1430 codicem
511 1375 646 1444 nquidam
662 1375 813 1431 deminuet
829 1384 945 1447 augtrsto
997 1376 1119 1433 scribere
1132 1376 1264 1437 delebis.
1288 1385 1315 1431 et
1338 1375 1463 1431 codicem
1488 1376 1647 1442 remittere,
1662 1382 1697 1430 ut
1717 1374 1807 1445 possit

143 1476 239 1523 nostro
261 1467 380 1523 obtulit:
401 1465 473 1522 lrunc
485 1465 520 1522 ad
534 1469 709 1524 sanctitatem
733 1478 807 1523 tuatn
829 1468 943 1539 perferri
958 1447 982 1506 Β
995 1468 1142 1524 aternitati
1156 1466 1171 1506 b
1184 1467 1244 1538 cius
1256 1466 1348 1523 denuo
1358 1466 1463 1523 ollerri.

156 1610 191 1684 ,ἢ
211 1599 476 1686 Liltrorumscilieet
489 1642 497 1666 ,
509 1616 577 1673 qtros
585 1601 694 1659 Lucifer
710 1616 760 1674 pro
772 1602 802 1659 S.
818 1602 941 1658 Atltana-
992 1606 1052 1660 lius.
1070 1602 1273 1686 Papeltrorltius
1297 1604 1324 1657 in
1336 1612 1409 1691 tom.
1425 1604 1442 1656 l
1456 1602 1528 1669 stati,
1544 1600 1673 1657 Bullaud.
1688 1601 1725 1689 ad
1742 1616 1803 1685 cap.

141 1671 735 1812 “stultitiistitillatam
759 1745 811 1802 nn
840 1745 942 1815 rnna
992 1672 1755 1816 {sitiitillmltillilttitll·”latitet
1777 1672 1804 1800 tl

143 1810 359 1885 (Constantius),
374 1828 456 1884 quaem
469 1813 539 1871 Filio
560 1814 608 1870 liei
629 1816 796 1873 irrnninucre
810 1832 865 1873 non
886 1832 943 1872 tne-
992 1818 1120 1873 liorrrtula
1134 1818 1277 1873 siriniensi
1298 1818 1362 1872 anm
1376 1816 1440 1882 359,
1458 1817 1559 1873 irridet
1572 1819 1659 1872 etiam
1674 1815 1803 1871 Athana·

143 1885 250 1949 suebat,
266 1884 362 1939 dritten
377 1884 549 1951 delendus,
563 1886 641 1955 eujus
657 1887 729 1942 inter
742 1897 855 1944 ceteras
870 1888 942 1943 lilas-
992 1890 1049 1945 sius
1064 1890 1090 1944 in
1104 1888 1177 1944 libro
1188 1890 1221 1943 de
1233 1888 1363 1959 synodis.

143 1955 268 2027 phemius
287 1971 340 2010 una
353 1966 424 2015 erut.
439 1958 520 2028 ssime
533 1967 633 2027 tempus
644 1958 747 2029 parando
761 1975 812 2013 nost
827 1972 883 2015 erut
895 1958 943 2014 Fi·

218 2220 644 2337 lallcll'ffll
681 2221 1100 2338 nutscout
1140 2222 1707 2340 consumet
1711 2224 1749 2335 1

689 2406 775 2493 nn
812 2408 1248 2496 nnonnurrum

730 2564 1215 2698 EPISTOLA.

455 2884 634 2942 EPlSTOLll.
960 2897 1068 2969 Gnoso
1081 2882 1206 2941 in'relius
1223 2886 1314 2955 agenti
1336 2895 1351 2935 b
1375 2886 1572 2957 perferentium
1593 2886 1750 2954 traditum,
1764 2885 1806 2943 lais

1001 2974 1141 3031 formanda
1155 2985 1166 3013 ⁶
1183 2975 1232 3030 luit
1242 2976 1368 3049 religiosa
1381 2980 1526 3049 prudentia
1537 2992 1592 3046 tua,
1605 2978 1806 3036 lilicarissime.

1002 3064 1061 3121 lam
1078 3076 1130 3122 tuce
1149 3067 1202 3123 erit
1220 3071 1416 3138 generositatis
1430 3073 1551 3143 agnitum
1567 3087 1582 3126 a
1599 3088 1645 3127 me
1666 3072 1733 3127 sine
1754 3071 1807 3127 ulla

186 3158 296 3216 Codicis
307 3156 473 3231 perlatorem
488 3172 569 3229 quesn
590 3164 727 3214 memorat
743 3155 951 3213 honoriticentia
1001 3159 1174 3215 contemtione
1185 3159 1341 3218 delemlere.
1354 3162 1410 3219 Nos
1423 3164 1524 3219 etenim
1538 3164 1659 3235 propitio
1673 3164 1734 3220 lleo
1744 3178 1808 3219 eon·

150 3260 195 3309 tua
214 3252 324 3308 nomine
339 3266 400 3309 meo
415 3251 515 3309 adiisse
530 3252 724 3323 imperatorem
754 3266 770 3305 a
793 3266 852 3308 mea
868 3251 953 3309 luisse
1002 3261 1044 3308 tra
1058 3268 1089 3308 ea
1102 3269 1164 3323 quae
1179 3254 1206 3308 in
1221 3266 1342 3312 instram
1357 3267 1487 3327 parantur
1506 3258 1805 3325 incremententur,

150 3346 317 3404 destinatum
333 3345 539 3413 mediocritate,
555 3346 642 3415 ipsum
658 3359 766 3416 quoque
785 3344 907 3400 codicem
922 3354 954 3400 ut
999 3358 1062 3402 eum
1075 3360 1192 3413 causas,
1209 3361 1258 3403 cur
1274 3348 1322 3403 tali
1336 3346 1349 3386 ‘¹
1365 3350 1524 3421 scripserim
1548 3348 1650 3418 niodo,
1665 3349 1806 3406 discutere

150 3453 181 3495 es
196 3439 484 3510 admoneredignatus
497 3440 613 3495 sollicite
623 3439 788 3510 inspectum,
801 3448 884 3510 atque
899 3437 951 3493 Bn-
1001 3439 1136 3509 coeperit,
1151 3438 1282 3497 irrueniet.

167 3021 301 3081 Florentio
318 3020 446 3096 llopiatro
461 3021 610 3093 officiorum
623 3030 637 3059 ⁸
652 3019 757 3094 Lucifer
771 3019 928 3093 Episcopus.

184 3589 197 3617 ⁰
212 3580 324 3638 Summa
341 3578 461 3650 dignitas
479 3580 507 3634 in
520 3579 581 3635 aula
595 3578 811 3647 imperatorum,
828 3594 889 3649 qttat
900 3577 950 3634 l’a·
1038 3577 1052 3617 b
1070 3579 1181 3650 Aprem
1194 3582 1222 3635 in
1236 3581 1312 3636 relos
1325 3580 1510 3652 llagistratnm
1525 3581 1682 3637 Palatinum
1702 3578 1807 3637 consti·

146 3651 241 3708 latlnis
262 3664 290 3709 et
318 3651 454 3720 Principis
467 3651 640 3705 administris
657 3657 792 3719 praeerat,
811 3651 949 3716 precipue
1003 3649 1127 3717 mebant,
1143 3654 1223 3719 cujus
1237 3652 1289 3707 lure
1303 3654 1385 3708 etiam
1407 3663 1603 3720 intumuerat,
1631 3661 1661 3707 nt
1680 3668 1732 3723 per
1746 3665 1806 3719 pro·

146 3737 214 3779 vern
225 3724 377 3795 legationes
397 3732 552 3780 exterarum
564 3724 684 3789 gentium
709 3720 858 3776 tractabat.
883 3719 949 3777 llide
1001 3722 1106 3778 riticius
1121 3724 1307 3793 intrinsecum,
1329 3725 1417 3795 sitptid
1443 3726 1470 3778 iu
1492 3724 1648 3793 Principem
1671 3722 1804 3780 riciarium

148 3793 288 3852 Valesiutn
313 3798 340 3849 in
361 3804 422 3849 not.
445 3792 479 3849 ad
496 3792 670 3851 Atttttriamrm
694 3792 883 3848 llarcellitmm
900 3793 948 3849 tiu.
1001 3793 1147 3848 enrisilimn
1159 3796 1275 3850 iniretur
1287 3814 1294 3850 :
1306 3806 1333 3852 et
1345 3797 1407 3850 idco
1418 3792 1536 3851 Lucilcrt
1548 3798 1610 3849 tiltri
1625 3796 1740 3852 Because
1754 3805 1806 3849 tru-

147 3864 194 3930 m,
210 3882 270 3938 cap.
288 3867 316 3923 5.
337 3864 496 3922 Florentius
510 3863 580 3919 hatte
593 3864 751 3933 dignitatem
768 3863 856 3919 atllttte
872 3878 950 3932 pere·
1002 3864 1065 3918 diti.
1080 3864 1142 3919 Vid.
1162 3866 1251 3921 vales.
1267 3868 1300 3922 ad
1322 3865 1414 3921 Anrrtt.
1430 3867 1551 3923 llarcell.
1572 3866 1621 3921 llll.
1639 3866 1687 3933 lli,
1703 3882 1765 3937 cap.
1778 3866 1805 3921 3.

148 3935 195 3992 but
209 3952 255 3993 an.
269 3938 333 4001 560.
351 3945 381 3991 ut
395 3943 512 3992 testatur
526 3936 686 3991 Ammianus
711 3935 758 3988 lib.
777 3934 822 3997 20,
836 3950 896 4002 cap,
919 3932 946 3987 Ξ.
1039 3944 1050 3972 ⁰
1071 3934 1140 3990 linito
1164 3936 1340 4004 informando.
1357 3937 1410 3992 Til.
1436 3953 1520 3993 reete.
1539 3938 1675 3994 Batonius
1698 3940 1734 3993 ad
1760 3952 1805 3993 au.

147 4015 260 4063 stanno
275 4009 429 4075 insetptcuti
445 4022 459 4059 a
475 4004 585 4061 loliano
597 4004 769 4075 lmperatore
782 4004 946 4059 inersilium
1003 4003 1066 4069 556.
1080 4021 1155 4060 nitur.
1177 4006 1223 4072 tit,
1240 4008 1280 4063 liis
1294 4009 1471 4077 inseminando.

149 4089 286 4132 contrusus
297 4085 335 4132 cst
346 4078 373 4131 in
387 4075 499 4131 insulam
512 4074 651 4130 llulrnotioe
671 4074 751 4139 Boos,
767 4074 863 4130 scribit
876 4075 947 4130 idem
1037 4072 1154 4133 diaria.
1167 4078 1339 4148 Papemacn.
1355 4080 1416 4135 loeo
1431 4080 1479 4136 rit.

149 4146 312 4203 Amittianus
325 4146 373 4203 lib.
389 4146 435 4214 Ὦ,
456 4160 518 4216 cap.
532 4145 560 4200 5.

573 4413 648 4529 S·
687 4414 766 4527 1².
808 4415 902 4527 tlt.
941 4414 1372 4536 noctuam

747 4586 918 4652 episcopt
939 4590 1183 4655 catumeum

281 4744 355 4897 ll
390 4742 502 4897 ltu
538 4740 838 4895 llllllll
870 4744 935 4895 ll
961 4745 1120 4899 llil
1155 4747 1671 4937 llllltllllllll,

456 4972 535 5058 AD
572 4973 999 5061 CONSTANTIUM
1035 4978 1493 5091 IMPERATOR'cM,

796 5124 958 5199 LIBER
995 5129 1146 5208 Ultus·

182 5378 347 5452 superatum
360 5380 375 5411 ¹
391 5385 429 5449 te,
444 5375 610 5450 imperator,
626 5391 641 5432 a
656 5374 707 5434 Dei
720 5378 808 5435 sertis
821 5394 856 5437 ex
873 5383 947 5438 ouini
1001 5399 1063 5440 cnm
1079 5387 1273 5458 conspexisses
1286 5400 1376 5461 parte,
1390 5392 1482 5451 dixisti
1493 5408 1604 5467 passum
1621 5406 1651 5455 te
1668 5412 1703 5456 ae
1719 5400 1808 5473 patin

185 5542 330 5626 {Respicit
345 5541 390 5599 liic
403 5542 513 5601 Lucifer
527 5560 582 5602 non
597 5548 685 5629 selum
696 5561 784 5618 quea
799 5546 948 5605 Catholicis
1002 5551 1103 5607 animis
1112 5565 1266 5637 gessnrtrm,
1282 5573 1334 5621 nita
1347 5558 1425 5614 lituis
1435 5559 1462 5616 in
1473 5558 1664 5619 Constantium
1679 5566 1807 5636 scriptis,

147 5606 290 5682 Episcopus
303 5625 378 5685 pecta
395 5617 502 5699 lucram
515 5620 735 5673 constrariussime
748 5632 842 5674 camna
858 5634 946 5675 nuntias
1000 5639 1053 5694 qna
1064 5625 1220 5681 lurtuudiue
1229 5631 1256 5683 in
1270 5630 1418 5687 tolerandi>
1430 5635 1584 5705 supplicis,
1596 5649 1628 5690 ac
1639 5636 1698 5703 ipsa
1713 5653 1807 5707 potius

147 5690 177 5737 et
189 5680 268 5737 dolos
287 5682 451 5768 desistente,
465 5698 547 5756 etipse
561 5694 734 5771 lutatiorum,
754 5705 870 5761 qtturuttt
884 5707 947 5761 pars
1000 5704 1099 5759 nante,
1113 5715 1192 5763 epilam
1205 5709 1234 5754 ut
1249 5704 1274 5754 in
1287 5701 1477 5760 liuretieorum
1489 5706 1654 5761 sententiam
1667 5710 1808 5767 canicule·

146 5767 245 5824 magum
271 5753 378 5811 Luelter
398 5755 460 5827 luit,
477 5758 527 5814 sed
547 5768 629 5816 ettam
654 5776 715 5832 quin
729 5774 823 5833 postea
838 5763 948 5821 inuictis
1000 5773 1073 5823 rent.
1089 5768 1135 5823 Ait
1148 5785 1215 5827 uero
1227 5786 1259 5825 es
1272 5774 1342 5827 omiti
1352 5788 1426 5844 parte
1437 5788 1586 5851 supermeat
1595 5776 1806 5851 constandum,
