3900 6134
86 200 142 265 fiii
800 195 1066 267 anotiaoltene.
1693 202 1746 264 m

85 317 257 389 Quamquam
282 331 344 375 cum
364 315 436 377 idem
460 317 497 374 cl.
517 314 697 389 Nasamonas
723 332 780 375 rem
807 326 890 374 totam
906 329 990 393 pres
1004 326 1057 383 est,
1073 316 1174 375 amisso
1193 317 1309 388 seilicet,
1326 317 1495 391 disiectaque
1509 318 1644 392 superiori
1658 317 1747 391 lapide

86 409 238 467 manaverit
263 409 359 465 iterum
383 407 411 464 ia
427 407 622 464 Commentariis
644 408 679 462 ad
694 407 894 481 Chrutsolopiam
945 412 1116 484 sarcophagi,
1131 413 1158 469 in
1174 427 1227 484 spuo
1240 428 1302 470 eom
1318 411 1473 483 pontilicem
1495 413 1647 484 Depositum
1663 411 1745 471 inisse

86 499 264 558 Romanorum
289 501 441 574 pontificum
464 501 491 558 ia
512 501 620 573 picturis
637 499 763 559 Ostiensis
782 503 894 561 basilice
944 505 1093 574 cosrjiciuut
1109 505 1159 561 riri
1180 505 1218 561 illi
1232 503 1387 561 clarissimi.
1410 503 1546 561 latiorum
1560 504 1688 563 certesiae
1701 518 1750 562 co·

88 595 254 666 superstitem
266 636 273 661 ‚
287 608 348 664 aare
360 588 449 665 isuper
464 592 621 665 prodierim
636 635 643 659 ,
660 594 719 663 ejas
734 592 819 664 ipsius
834 610 893 651 uer·
944 596 1017 667 dex,
1040 598 1194 670 cupientem
1216 599 1349 666 dissolui,
1374 597 1439 671 seiri
1451 608 1618 670 correptam,
1643 606 1751 670 sumpto

87 687 134 745 his
149 688 222 743 salut
238 686 354 743 iurrtram
380 687 474 743 lectori
493 687 702 759 jucundiorem,
728 688 892 758 descriptam
943 704 1060 761 corpore
1072 699 1100 747 ct
1116 692 1247 763 sauguine
1266 691 1393 759 Domini,
1413 691 1581 761 elevatisque
1605 693 1632 749 ia
1651 694 1750 750 coelnm

87 780 181 838 daho:
197 779 247 847 Qui
263 781 340 835 etiam
360 779 478 852 sepultus
490 789 527 837 est
539 781 580 836 uia
594 780 735 836 Ardeatino
747 781 775 836 ia
786 781 893 837 basilica
944 784 1031 841 ocrrlis
1044 799 1077 840 ac
1091 785 1216 841 amnibus
1231 794 1353 841 orantem
1370 783 1471 841 obiisse
1493 785 1568 841 ilium
1583 785 1675 854 relert,
1689 800 1749 856 auae

88 890 158 943 sun,
177 877 253 948 jueta
277 883 388 926 aratreus
410 889 484 928 tunm
506 882 529 929 et
554 889 752 947 permenam..
772 914 779 929 .
806 874 893 931 Situm
945 876 1014 933 iortc
1029 888 1071 933 est
1085 893 1184 944 cansa,
1202 894 1252 933 cur
1266 894 1328 934 eum
1342 877 1529 934 febricitantes
1543 887 1685 950 patronum
1697 880 1749 937 ati·

89 963 206 1041 ejusdem
219 963 333 1020 basilice
344 965 411 1020 inter
424 965 595 1020 cemeterium
609 963 736 1032 Callisti,
760 982 805 1021 seu
821 966 893 1033 l'rae·
943 967 1054 1040 qararrdo
1066 969 1200 1040 clegerint
1212 967 1262 1042 (a).
1291 967 1376 1038 liujus
1387 968 1552 1025 sanctissimi
1566 1011 1575 1037 ,
1599 985 1631 1025 ac
1644 972 1751 1041 sapien·

90 1059 197 1122 teetati,
220 1066 244 1110 et
266 1058 336 1112 uiam
350 1056 537 1122 Ardeatinam,
561 1068 682 1126 putantne
702 1075 748 1115 aas
766 1058 894 1116 detexisse
945 1058 1044 1116 tissimi
1056 1062 1192 1132 pontiitcis
1203 1062 1230 1116 in
1242 1061 1340 1117 tuenda
1352 1060 1484 1118 catholica
1496 1061 1749 1132 lidecoustaatiam,

87 1165 156 1205 snae
171 1147 255 1214 list,
275 1165 328 1203 aaa
342 1149 536 1221 cumsepulcris
550 1158 604 1203 tuas
618 1151 698 1205 etiam
712 1152 893 1224 amtrisatpue
944 1151 971 1206 ia
988 1152 1109 1208 morilrus
1124 1153 1305 1224 integritatem
1321 1168 1385 1226 erpa
1398 1169 1533 1226 pauperes
1548 1170 1750 1227 oppressosque
1858 1191 1861 1195 ·

86 1240 195 1296 sororis.
225 1238 291 1295 Cum
310 1242 468 1295 enimenim
493 1241 677 1314 ipsoiursores
699 1241 893 1307 eminentissimi
944 1246 1089 1317 episcopos
1110 1230 1753 1318 misericordiam,⁴atqrrehutnaaitatem,cliri-

88 1331 232 1387 cardinalia
246 1331 391 1387 sicariisui
407 1334 512 1388 eustatie
526 1330 617 1387 Dorso
636 1334 746 1388 datoaio
763 1331 893 1390 Buldetlro
944 1337 1060 1391 stiaaam
1082 1335 1279 1402 humilitatem,
1298 1337 1471 1408 doctrinam,
1497 1354 1637 1396 sacrorum
1666 1340 1752 1397 ardili-

87 1422 118 1481 in
132 1443 162 1482 ea
173 1434 245 1500 parte
258 1426 392 1482 ceraseterii
405 1427 477 1496 operi
492 1429 677 1497 incumberent,
691 1427 738 1483 sui
752 1429 893 1484 mrteataac
944 1428 1048 1483 ciarum
1063 1443 1165 1490 caram.
1183 1429 1303 1499 aliasque
1315 1429 1460 1500 preclaras
1470 1430 1593 1501 virtutes,
1610 1432 1690 1488 allata
1701 1448 1751 1504 per

87 1514 244 1591 Harporitse
255 1515 358 1574 Dellotti
370 1519 420 1575 sita
432 1519 500 1573 inter
513 1518 580 1575 mam
590 1519 703 1591 Appiam
715 1560 723 1586 ,
736 1527 760 1574 et
773 1518 893 1574 detean-
946 1517 1122 1577 sarazanium
1148 1536 1180 1576 ae
1204 1519 1234 1576 P.
1249 1518 1438 1577 Constantium
1463 1521 1620 1580 bracarum
1634 1539 1666 1580 ac
1680 1524 1754 1585 Laii·

86 1624 164 1677 nass,
181 1610 330 1665 inuenerem
348 1611 538 1683 sarcoplmpum
564 1628 738 1667 mnraroreaas
758 1628 789 1666 es
803 1610 894 1666 cantii-
945 1629 1042 1670 norunt
1059 1613 1168 1670 Patruus
1185 1615 1350 1683 testimonia,
1367 1630 1398 1671 ac
1411 1615 1470 1689 ejas
1484 1629 1618 1687 praeterea
1631 1633 1692 1690 quaa
1705 1634 1751 1675 su·

87 1698 194 1756 marimo
209 1698 290 1755 Pario
304 1699 391 1772 lapide
403 1701 494 1774 pipare
514 1702 613 1765 oualis,
631 1704 776 1774 potatorum
790 1704 844 1774 sere
858 1700 892 1757 lt
908 1718 931 1781 Β
945 1715 1058 1781 persnat
1070 1708 1181 1780 scripta,
1196 1709 1233 1763 lta
1249 1708 1450 1776 commendant,
1468 1719 1497 1767 ut
1510 1709 1609 1767 irustra
1621 1715 1676 1769 sint
1691 1728 1749 1768 om·

86 1794 267 1868 lonpitudiais,
279 1810 325 1850 sea
337 1791 492 1862 albedinis,
511 1794 593 1851 latum
604 1797 727 1869 quinque,
741 1797 817 1865 cuius
831 1811 892 1866 pro·
945 1817 995 1858 nes
1010 1801 1193 1874 antiquorum,
1205 1818 1238 1858 ac
1248 1803 1398 1860 recentium
1414 1803 1604 1864 haereticorum
1619 1806 1752 1865 aduersus
1856 1858 1858 1862 ,

86 1898 189 1960 spectus
210 1888 350 1963 spiralibus
370 1888 448 1945 uadis
468 1890 496 1943 s'n
514 1894 599 1962 {route
614 1898 752 1945 exornatus
770 1899 845 1959 erat,
869 1897 894 1945 et
945 1895 1021 1952 illam
1037 1897 1189 1954 calumniae.

86 1982 210 2052 utrinque
233 1981 352 2036 desinens
375 1981 403 2035 iu
428 1982 589 2056 prteprandis
616 1987 706 2056 foratae
725 1983 790 2037 duos
808 1982 894 2038 leones
943 2032 1145 2098 'It-Damasi
1165 2034 1256 2097 mim
1277 2033 1429 2085 remum
1447 2035 1496 2086 Cur
1516 2035 1608 2087 mm
1627 2035 1750 2091 „emm

86 2072 193 2141 apeme
206 2073 328 2146 “iiim
354 2070 397 2128 Εἴ
410 2067 459 2127 Ῑῑθθ
468 2074 573 2146 iamdiu
590 2091 684 2145 “iiim
698 2074 834 2145 ‘imiimi
852 2091 895 2130 ix·
977 2096 1099 2146 Bonosum
1112 2097 1143 2145 ah
1155 2109 1186 2145 co
1198 2094 1317 2147 Pontlllce
1327 2097 1521 2160 proetmmataar
1532 2098 1639 2163 dixerit3
1657 2114 1688 2149 an
1702 2100 1751 2151 llo·

86 2178 205 2225 gramm
227 2167 307 2239 [nim
320 2167 480 2239 appamia,
505 2168 551 2222 ,ep
572 2177 720 2239 coopertum
741 2176 825 2222 gamen
840 2176 894 2233 ιω
976 2158 1065 2208 noslaci
1078 2157 1216 2208 Photiaianl
1227 2157 1329 2223 inerint,
1343 2170 1374 2208 au
1398 2159 1452 2223 elus
1470 2166 1565 2212 uatum
1581 2160 1688 2212 haeresis
1705 2175 1750 2213 sn·

85 2258 239 2334 proeprondi
251 2301 260 2327 ,
274 2257 319 2315 sed
330 2258 423 2317 diuersi
438 2259 538 2332 pencris
551 2276 680 2314 marmore
695 2257 821 2328 effracto,
844 2275 895 2331 quo
976 2222 1054 2284 ⁵¹³⁰&
1068 2220 1221 2274 mmmm

84 2372 170 2428 super
197 2364 281 2411 erecta
295 2354 380 2424 inerat
394 2352 493 2425 tetrica
508 2354 641 2418 lateritia,
661 2369 719 2426 qne
737 2354 895 2429 pertiapelat
985 2349 1166 2424 llleroaymus
1199 2350 1270 2408 inter
1294 2351 1441 2424 scriptores
1468 2351 1668 2411 ecclesiasticos
1700 2353 1753 2409 Da·

86 2465 172 2521 usque
185 2449 221 2504 od
235 2448 393 2518 superiorem
408 2458 507 2521 portem
525 2449 637 2504 cubiculi
654 2465 664 2504 .·
678 2450 826 2515 instruero
844 2465 898 2504 sor·
950 2458 1027 2500 maso
1041 2443 1129 2500 locunt
1147 2443 1233 2512 dedit.
1246 2443 1359 2515 ejusque
1369 2444 1479 2516 e'illins
1498 2446 1523 2501 5¹¹
1537 2445 1663 2502 ieisibssi
1677 2461 1754 2502 0⁰¹⁰·

85 2543 237 2617 eoplsapum
265 2544 292 2597 iu
306 2542 431 2613 superiori
443 2552 517 2617 parte
536 2543 625 2597 aderm
634 2544 721 2614 jarina
735 2558 835 2614 parua,
852 2559 897 2613 per
947 2534 1081 2607 portendis
1095 2534 1251 2605 ingenium,
1274 2536 1412 2608 multaque
1426 2538 1451 2590 in
1464 2551 1496 2592 co
1507 2551 1607 2609 genere
1622 2539 1752 2610 opuscula

86 2632 896 2707 puampnteiatcditusinuonndmndasmamplumcubierrlrsm,
947 2628 1038 2684 laudat
1058 2628 1105 2703 (i).
1130 2630 1191 2685 ΑΙίο
1215 2629 1274 2686 loco
1297 2637 1430 2685 ittetttoial
1452 2645 1513 2703 qttae
1528 2631 1560 2686 tie
1576 2628 1750 2704 Vt'rqt'ttt'tttle,

86 2742 130 2783 ar
140 2730 196 2802 [ere
211 2745 337 2802 pmsuum
350 2729 507 2793 latitudinis,
520 2728 677 2800 totidemque
691 2726 860 2799 loupitudinir
874 2737 898 2784 et
949 2735 1037 2780 metro
1052 2739 1186 2795 prosaque
1201 2732 1403 2794 composuerat,
1417 2724 1646 2799 Eustoclriumque
1659 2734 1755 2785 monet

88 2822 255 2890 mititudipis;
267 2824 293 2877 in
304 2823 379 2890 cuiue
392 2821 476 2892 {tultis
488 2821 578 2878 aderat
588 2823 654 2878 alter
667 2823 777 2893 simplex
787 2840 900 2879 marmo-
949 2827 978 2873 ui
989 2832 1019 2871 etl
1034 2815 1106 2887 legal
1121 2831 1173 2870 tion
1187 2830 1265 2872 seclis
1278 2831 1309 2872 ilc
1325 2815 1494 2885 Tertulliani,
1505 2816 1632 2889 Cypriani
1649 2831 1676 2877 el
1689 2820 1755 2876 Am-

89 2929 153 2969 reus
177 2915 372 2987 sareopltapns,
386 2915 462 2969 sicuti
476 2916 502 2971 in
516 2916 597 2970 latere
607 2915 700 2970 similis
714 2919 806 2988 former
818 2917 897 2984 alius,
950 2908 1032 2964 brosii
1046 2907 1146 2978 scripta
1160 2906 1207 2981 (c).
1221 2907 1283 2962 llaec
1296 2908 1426 2979 opuscula
1441 2908 1574 2967 Batonius
1583 2909 1654 2968 ireni
1664 2910 1754 2967 serari

89 3006 321 3079 psipariterocsui
332 3009 427 3081 reperti
439 3016 507 3063 suat.
520 3007 773 3081 Postparscosetiam
782 3009 837 3064 dies
848 3025 899 3063 asoa
949 3000 984 3058 ab
998 3000 1093 3057 eodem
1110 3001 1237 3071 inscripta
1252 2999 1337 3056 luisse
1353 3008 1429 3070 putat
1441 3043 1448 3066 ‚
1461 3000 1532 3072 quod
1546 3007 1603 3057 tum
1622 3012 1755 3075 praeterea

89 3097 170 3170 ionpe
182 3098 213 3154 oi
226 3098 284 3170 ipso
298 3101 427 3155 asausoleo
437 3111 539 3170 reperta
552 3103 600 3173 fais
614 3101 732 3170 quedam
745 3100 934 3189 auspicem-c
950 3104 1008 3151 acta
1024 3095 1147 3166 einsiem
1164 3095 1275 3166 virginis
1295 3110 1310 3149 a
1326 3093 1457 3150 hoilanda
1472 3095 1601 3165 producta
1615 3136 1622 3161 ‚
1647 3097 1755 3156 tametsi

92 3193 139 3257 tn,
150 3207 195 3247 seu
207 3193 360 3257 descensores,
376 3209 420 3264 per
432 3208 507 3264 prtem
522 3193 657 3263 ipsammet
668 3211 713 3248 uas
723 3210 896 3249 narratoreum
949 3189 1020 3247 lraud
1030 3179 1119 3262 magni
1133 3188 1261 3261 ponderis
1271 3187 1564 3260 siat,coullrmaut(dl.
1578 3188 1751 3259 Egiulrartus,

89 3283 271 3339 introductum
294 3282 356 3339 olim
374 3284 424 3355 satit
438 3287 465 3338 ia
490 3287 673 3342 coemeterium.
699 3283 780 3341 Hisce
800 3294 897 3341 attente
948 3282 1025 3354 cujas
1038 3282 1091 3337 alio
1108 3282 1166 3337 locu
1180 3281 1366 3336 testimonium
1382 3280 1478 3348 attuli,
1501 3290 1561 3335 acta
1576 3279 1626 3337 SS.
1642 3279 1714 3336 Petri
1728 3290 1757 3339 et

91 3375 264 3430 mandastis
279 3375 305 3430 in
316 3375 402 3430 auimo
416 3376 465 3449 fuit
482 3376 554 3431 nohis
578 3377 715 3447 explorare
727 3376 856 3447 quodnam
870 3377 898 3433 ia
950 3372 1096 3429 llarcclliai
1117 3372 1151 3426 ab
1172 3387 1205 3427 eo
1220 3370 1347 3442 pontifice
1360 3370 1394 3426 ad
1408 3385 1457 3425 nos
1469 3372 1625 3428 transrrrissa
1637 3376 1755 3440 asserit;

92 3466 224 3535 superiori
236 3476 307 3535 parte
320 3467 399 3541 injus
414 3468 464 3523 loci
477 3469 576 3523 adesset
589 3468 743 3536 editicium,
763 3469 832 3540 quod
846 3469 899 3539 irri-
950 3469 997 3526 scd
1011 3485 1072 3540 qtiae
1089 3485 1159 3524 trunc
1172 3468 1242 3540 apud
1258 3468 1380 3534 Surium,
1394 3467 1621 3525 elBullautlianos
1635 3468 1667 3523 ati
1682 3467 1755 3523 diem

93 3557 383 3624 mretsssensrnseu
398 3561 520 3614 catanus
534 3560 647 3615 structili
661 3560 801 3616 constituto
819 3577 900 3633 supra
950 3560 969 3617 2
996 3561 1065 3618 lunii
1088 3560 1263 3627 reseruntur,
1288 3562 1369 3616 alium
1392 3573 1530 3617 erectorem
1553 3560 1662 3618 habeut.
1688 3560 1756 3627 Quia

94 3650 196 3722 prande
207 3649 275 3705 illust
287 3665 456 3709 marmoreum
467 3655 614 3721 sepulcrum
634 3670 644 3718 ,·
669 3652 739 3708 uude
756 3655 899 3725 reperimus
952 3668 1018 3710 uero
1040 3654 1065 3706 in
1081 3654 1149 3709 actis
1164 3653 1229 3722 ipsis
1243 3650 1358 3724 legitnus
1379 3652 1567 3720 Dorotheum,
1592 3668 1607 3707 a
1631 3668 1685 3725 qttu
1705 3649 1755 3709 SS.

93 3742 187 3798 siesse
199 3743 332 3816 antiquam
353 3749 463 3818 [armam
480 3744 601 3802 Ecclesia
615 3745 785 3818 turpitudinis
799 3748 900 3819 palmo-
952 3755 1086 3821 martyres
1108 3747 1231 3818 percussi
1253 3748 1379 3812 lucrant,
1411 3745 1568 3819 poerriteatia
1594 3753 1703 3817 peracta
1723 3743 1758 3801 ad

92 3850 156 3891 rum
172 3838 224 3907 iere
247 3836 292 3902 ih,
305 3839 334 3893 ia
345 3843 420 3914 ctsjus
435 3850 509 3912 parte
521 3842 724 3913 septemtrionali
736 3854 837 3898 eostam
849 3852 901 3899 tres
951 3840 1115 3914 baptismum
1131 3840 1279 3897 admissum
1288 3840 1339 3895 suh
1348 3839 1431 3908 iulio,
1440 3840 1485 3909 qui
1494 3837 1683 3895 Pontificatum
1695 3837 1757 3893 iniit

92 3928 343 3985 metamaucum
353 3948 363 3998 ;
374 3931 443 3987 uude
456 3933 615 4006 dipaoscitur
629 3951 685 3988 enarr
700 3934 762 3990 olim
774 3935 901 3991 exstitisse
953 3935 1197 4003 adnotabuntur
1212 3944 1316 4008 posset,
1330 3933 1473 3991 Damasum
1489 3935 1657 4006 pubertatem
1664 3948 1757 4005 egres·

95 4016 255 4088 Eremmon,
269 4038 326 4091 quse
339 4023 424 4078 locum
436 4025 595 4095 superiorem
610 4036 664 4080 tum
674 4026 785 4082 cubiculi
795 4028 901 4100 iusserin-
953 4042 1014 4084 sum
1029 4042 1061 4083 ac
1076 4026 1136 4099 plus
1157 4027 1245 4082 minus
1260 4026 1369 4098 triginta
1386 4040 1518 4082 annorum
1535 4024 1636 4093 iusisse,
1652 4040 1713 4080 cum
1725 4039 1757 4081 ea

94 4114 151 4179 sis,
172 4122 226 4167 tuns
247 4115 402 4189 sarcoptaps'
426 4117 568 4188 occupatas
586 4135 592 4173 :
614 4118 719 4191 insuper
738 4120 902 4190 eopaouimus
954 4119 1074 4191 scripsit,
1089 4134 1168 4176 secus
1182 4134 1214 4176 ac
1229 4118 1287 4191 ipse
1302 4118 1336 4175 de
1349 4132 1379 4174 se
1392 4117 1596 4191 ethpinbartus
1610 4116 1694 4192 aitte)
1708 4135 1715 4181 ;
1730 4126 1758 4173 at

94 4207 174 4262 illem
188 4208 271 4276 tuisse
287 4209 350 4263 otim
366 4206 493 4281 depictam
513 4227 545 4266 es
562 4211 718 4282 quibusdem
733 4212 845 4267 residuis
860 4226 903 4267 co·
955 4226 1016 4269 cum
1029 4213 1087 4269 lieri
1101 4210 1179 4268 iacile
1192 4212 1288 4284 possit,
1303 4219 1332 4266 nt
1347 4211 1499 4269 Dorotheus
1519 4211 1578 4279 ille,
1590 4227 1638 4268 seu
1653 4220 1758 4280 coacte,

96 4300 211 4366 inritus,
226 4302 269 4371 aui
282 4302 368 4357 adduc
381 4312 528 4372 supersunt.
555 4302 597 4359 Ec
615 4303 657 4359 tris
670 4303 748 4377 ipitur
762 4302 903 4374 prolatili-
956 4321 1005 4363 seu
1028 4315 1127 4377 sponte
1149 4307 1311 4379 perplures
1335 4319 1422 4362 annos
1446 4305 1520 4361 inter
1546 4304 1759 4362 cathecumenos

99 4395 149 4451 ius
166 4398 320 4468 conjecturis
334 4396 511 4472 judicavimus
531 4397 598 4453 itanc
622 4415 676 4454 esse
690 4399 803 4468 putuisse
816 4397 903 4454 basili·
957 4402 1107 4468 manserit,
1123 4417 1171 4459 sna
1185 4400 1300 4474 proinde
1320 4410 1376 4457 tutu
1395 4401 1463 4456 actis
1476 4442 1483 4469 ,
1498 4415 1558 4471 quae
1570 4399 1759 4455 Tillemontius

97 4503 160 4544 “¹¹⁸
173 4487 204 4545 ⁸·
220 4488 336 4557 litim·
351 4490 397 4545 ⁸⁸1⁶
407 4507 457 4562 pun
472 4490 502 4548 S·
512 4492 630 4564 lviiii&
640 4501 760 4559 militm.
775 4507 903 4545 sororem·
919 4506 985 4583 Det
995 4497 1123 4553 Bailietus
1137 4495 1233 4552 irustra
1249 4493 1407 4558 sollicitant,
1424 4508 1455 4548 ac
1467 4493 1502 4548 cl.
1513 4489 1667 4547 Maraocltius
1679 4505 1759 4562 egro·

98 4596 151 4653 que
172 4582 309 4650 deiunctae
332 4583 447 4655 sepelivit
470 4584 497 4638 irs
520 4600 600 4654 supro
620 4592 760 4638 memorato
784 4581 904 4638 cubiculo
957 4590 1008 4661 piis
1022 4589 1093 4644 naris
1108 4587 1225 4644 illustrat
1244 4584 1302 4659 (f),
1322 4592 1380 4640 tum
1395 4583 1504 4642 Damasi
1519 4581 1598 4639 dictis
1614 4581 1680 4638 llales
1693 4596 1760 4637 coa·

101 4674 414 4746 mussemutinae
426 4683 452 4731 ct
462 4675 517 4748 ipsc
529 4672 633 4746 sepeliri
652 4675 732 4732 uoluit
744 4675 771 4730 ia
783 4691 813 4731 ea
834 4684 906 4746 parte
957 4678 1228 4738 stat.Oldoinushuio
1239 4687 1369 4749 preterea
1383 4675 1502 4747 pontiflci
1514 4673 1643 4730 adscribit
1653 4676 1684 4729 de
1695 4671 1762 4731 Fide

102 4769 259 4838 meteii,
281 4784 340 4841 pute
362 4779 450 4843 posteo
464 4767 572 4824 Damasi
586 4769 716 4840 appellata
731 4768 799 4841 fuit,
826 4784 907 4841 prope
958 4784 1049 4827 contra
1064 4773 1198 4826 lroereticos
1213 4770 1306 4825 librum
1320 4783 1412 4835 unum,
1428 4762 1635 4824 aetieTriaitatc
1646 4767 1762 4823 libellum

11 4925 14 4930 ,
101 4861 174 4916 mens
197 4860 374 4918 Ardeatinam.
399 4863 531 4918 baronius
554 4860 721 4934 epitaphium
747 4861 851 4932 proiert
873 4876 906 4918 ex
960 4878 1051 4927 unum,
1064 4877 1144 4934 quem
1159 4859 1377 4927 ms.ilerderios‚
1390 4869 1417 4915 et
1430 4853 1594 4915 Passerinus
1606 4855 1797 4916 Constanti·-

104 4964 264 5025 peruetomo
276 4954 371 5014 codice
384 4955 552 5013 Treuirensis
568 4955 739 5013 bibliothecae
752 4971 767 5011 a
779 4956 908 5012 Brorrero
960 4953 1053 5026 aopoli
1069 4952 1168 5009 uidisse
1181 4955 1267 5008 aiunt.
1279 4951 1315 5008 ht
1328 4967 1391 5007 eam
1405 4950 1436 5005 de
1448 4949 1517 5006 Fide
1528 4959 1617 5006 contra
1632 4951 1764 5006 lraersticos

104 5049 283 5119 exculptam,
300 5048 436 5120 anodsibi
452 5051 519 5122 ipsi,
534 5050 557 5106 si
569 5049 656 5106 codici
672 5049 739 5106 tides
753 5092 760 5115 ‚
774 5049 908 5106 Damasus
961 5046 1081 5115 librum,
1105 5045 1180 5103 iilum
1193 5047 1282 5118 ipsum
1308 5043 1392 5102 inisse
1409 5054 1474 5117 puto
1496 5061 1576 5116 quem
1597 5044 1765 5102 Tritlremius

104 5136 219 5197 iecerat.
244 5140 313 5196 illud
339 5143 436 5199 lterum
451 5142 612 5200 sirmondus
635 5142 707 5200 later
721 5158 806 5214 optma
820 5143 909 5200 ‘l'ireo-
962 5143 1045 5199 etiam
1058 5141 1182 5210 iudicat,
1204 5140 1317 5197 alteram
1333 5139 1436 5197 scilicet
1455 5138 1488 5196 ad
1509 5138 1650 5196 Paulinum
1664 5138 1765 5210 episto·

104 5231 201 5304 delphi
213 5234 417 5292 Aurelianensis
429 5236 476 5292 lib.
487 5251 517 5302 ιι,
529 5249 614 5291 esrum
626 5237 672 5303 lt,
686 5236 713 5292 ln
723 5236 910 5291 oiituDamosi
962 5234 1036 5298 lam¹
1052 5234 1087 5291 de
1107 5250 1159 5306 qua
1173 5248 1187 5289 a
1203 5249 1247 5292 me
1259 5244 1350 5292 actum
1363 5242 1405 5290 est
1420 5248 1481 5304 cap.
1496 5232 1541 5290 it.
1567 5229 1684 5286 Libellus
1699 5244 1765 5287 aero

104 5323 280 5396 inscriptura,
294 5340 327 5383 sc
337 5326 645 5398 postremoSaraaaaius
660 5325 763 5385 edidit:
780 5326 852 5400 quod
868 5337 910 5383 ta·
964 5327 999 5384 de
1013 5324 1139 5383 l'rialtats
1152 5368 1160 5392 ,
1175 5324 1247 5384 aliud
1258 5325 1383 5394 iprtassis
1397 5340 1450 5380 non
1463 5332 1506 5380 est
1518 5337 1598 5395 quam
1613 5321 1765 5395 symbolum

104 5431 172 5474 uren
184 5433 219 5473 aa
232 5432 327 5478 revers
339 5421 447 5478 tumulo
459 5420 574 5478 incisam
589 5419 671 5478 inerit
685 5462 693 5489 ,
716 5435 789 5478 nunc
809 5420 910 5478 lacerta
966 5421 1074 5478 Damasi
1088 5425 1279 5492 numiaesaepe
1291 5417 1464 5490 inscriptum,
1475 5415 1572 5491 dequo
1587 5430 1651 5472 mor
1666 5413 1765 5474 dicam

146 5557 185 5631 (a)
200 5555 315 5616 ioasec.
331 5558 380 5616 lib.
395 5575 416 5628 ι,
429 5572 490 5691 cap.
505 5557 550 5615 ld.
1012 5557 1040 5628 d)
1057 5556 1097 5640 dd
1112 5556 1183 5613 diem
1196 5554 1233 5612 28
1247 5553 1342 5623 Febr„
1355 5550 1477 5611 tomiil.

147 5630 176 5695 (i
202 5628 241 5686 Dc
255 5630 284 5688 S.
299 5629 331 5686 E.
346 5645 409 5702 esp.
422 5629 459 5692 li
579 5698 585 5712 ·
1012 5631 1038 5771 Ἃ
1054 5627 1114 5684 llrd.
1128 5642 1188 5700 cap.
1204 5641 1225 5682 ι.
1468 5696 1474 5708 ,

148 5699 174 5775 (c
198 5698 283 5773 Epist.
300 5700 346 5758 ἥ.
362 5717 390 5757 ιι.
407 5700 452 5770 ia,
465 5697 530 5760 ier.
542 5701 610 5759 edit.
1053 5697 1094 5757 nd
1107 5696 1223 5756 llalsnd.
1238 5695 1351 5768 Nespnl.
1364 5696 1395 5755 ll
1412 5693 1500 5753 toari.
