3900 6134
144 248 195 304 177

825 243 1094 303 enotaaottamt.

1748 247 1801 306 fl8

142 365 217 435 pist,
232 375 294 419 com
308 360 399 433 potins
415 361 486 426 sint,
503 375 563 432 qttae
580 360 606 416 in
621 374 654 418 eo
671 358 854 431 reprehendat
877 374 946 416 uun·
961 367 986 426 A
1001 360 1196 431 impudentiam
1208 359 1241 418 iis
1253 369 1345 417 notam
1362 361 1472 430 faceret,
1485 361 1556 420 aiter
1566 369 1596 418 ut
1606 375 1654 419 eos
1667 362 1801 433 laudaret,

142 458 226 514 nnlfrs
239 457 315 511 lectis
337 457 423 526 ipsias
446 455 523 511 libris
536 456 588 526 (ι).
606 455 706 510 Contra
720 470 785 510 sero
806 453 948 522 Apollina-

143 553 217 610 rium
238 567 287 623 pro
300 551 446 615 heretico,
464 549 639 620 proiectoque
661 549 755 604 hahuit
771 549 804 602 :rh
817 548 948 604 Ecclesiae

145 661 270 717 corpore,
283 645 374 700 statim
388 659 420 701 ac
435 643 585 701 Dorotheus
600 644 633 698 ab
649 643 720 700 Urbe
737 643 826 711 rediit,
844 644 948 698 3773177-

147 738 365 813 guesyoudicam
380 737 453 793 illam
476 737 581 791 Damasi
594 736 748 806 epistolam.
764 736 864 793 Scribit
874 735 948 791 euim

147 833 180 890 ad
196 833 353 905 Eulogium,
368 830 552 887 Alexandrum
573 842 599 886 37
624 830 876 901 llarpncr'atiuuum,
901 845 949 885 et·

146 928 218 985 soles
232 941 280 998 pro
294 925 348 981 dde
371 925 533 995 episeopus,
547 923 693 994 dequibus
715 924 768 978 atio
783 923 843 977 ioco
858 931 947 977 actum

143 1020 248 1077 anobis
259 1028 312 1087 est,
331 1032 432 1090 eosque
446 1016 547 1085 laudat,
563 1017 634 1088 quod
651 1014 817 1086 Apollinaris
827 1029 948 1068 comora-

139 1115 251 1169 aionem
267 1111 439 1182 rejecerant,
453 1120 534 1179 attptre
553 1109 688 1173 hortatur,
710 1119 737 1162 ut
750 1124 808 1161 euur
825 1117 948 1162 corceatur

138 1209 174 1261 ad
188 1206 252 1260 hene
266 1205 436 1259 coustitutum
452 1201 576 1257 Ecclesia
589 1202 706 1255 ordinem
721 1202 856 1266 reducere,
876 1200 949 1270 eique

141 1302 328 1374 fortiterrectoe
343 1298 405 1367 palei
417 1297 539 1368 dogmata
555 1304 718 1366 proportant,
739 1303 766 1349 ut
781 1295 852 1349 illius
862 1310 949 1348 emen-

144 1394 217 1450 datio
231 1394 369 1463 manifesta
387 1392 449 1460 piot,
465 1409 496 1446 ac
515 1390 639 1460 fratribus
653 1392 793 1445 innoteseat
808 1391 880 1444 illius
895 1406 948 1459 poe-

144 1487 254 1541 nitentia
266 1484 313 1556 (h).
329 1483 383 1539 Cur
396 1498 462 1539 uero
482 1482 536 1537 3173
549 1483 583 1538 de
596 1481 763 1552 Apollinario
784 1489 846 1536 ante
860 1480 948 1536 Doro·

143 1579 199 1635 thei
215 1580 277 1645 iter,
292 1578 347 1634 3173
361 1593 427 1632 sero
442 1587 503 1647 post
519 1577 578 1647 ejus
600 1576 716 1632 rcditmn
738 1575 838 1631 Basilio
852 1591 946 1643 mens,

141 1673 294 1746 agendique
317 1673 388 1728 ratio
411 1669 613 1741 fuissemus,
638 1685 716 1742 quiam
733 1671 793 1741 quia
811 1678 871 1739 post
885 1687 945 1725 eam

1001 455 1073 526 quod
1086 469 1181 510 eorum
1194 456 1411 509 cumomnionem
1427 465 1520 524 aperte
1530 456 1692 525 rejecerant.

1037 548 1068 605 v.
1086 548 1190 604 Praetcr
1204 551 1272 614 1333,
1288 565 1347 617 ouae
1362 547 1478 604 feliciter
1506 549 1629 605 confecta
1651 549 1727 619 uidit,
1751 549 1804 606 Do·

1000 642 1125 697 rotheum
1140 656 1192 695 noir
1209 641 1362 712 neglexisse
1376 642 1497 712 episcopi
1511 643 1551 698 sui
1569 643 1668 698 hleletii
1678 659 1801 713 causam,

1001 743 1057 788 tum
1073 734 1223 789 verisimile
1238 746 1290 801 est,
1306 743 1362 789 turn
1374 734 1489 790 Basilius
1504 736 1598 806 prohat
1613 737 1640 792 in
1657 739 1751 793 eadem
1767 737 1802 794 ad

999 829 1108 884 Petrum
1122 827 1335 884 Alexandrinum
1350 829 1476 898 epistula,
1489 832 1553 900 qrtin
1572 833 1665 899 potius
1681 848 1741 888 eam
1755 847 1802 889 ve-

1000 921 1175 988 hementiori,
1191 937 1270 993 quam
1284 922 1353 978 forte
1369 934 1509 991 parerat,
1536 924 1625 978 studio
1645 927 1678 979 ah
1697 940 1730 980 eo
1746 933 1802 980 tra-

1000 1024 1100 1072 ctatam
1116 1016 1247 1073 discimus
1258 1032 1291 1072 ex
1307 1018 1349 1072 his
1368 1016 1489 1087 ejusdum
1503 1016 1594 1072 Basilii
1610 1018 1721 1073 verbis:
1744 1018 1802 1076 Nos

999 1118 1085 1164 autem
1099 1112 1125 1164 iu
1140 1112 1272 1165 tristitiam
1293 1112 1401 1182 conjecit
1424 1110 1504 1178 frater
1530 1119 1616 1165 ceaster
1642 1109 1801 1179 Dorotheus,

999 1207 1068 1273 quod
1082 1214 1110 1258 ut
1123 1205 1178 1277 ipse
1191 1206 1329 1275 scripsisti,
1344 1221 1398 1258 narr
1412 1205 1497 1259 attritio
1513 1205 1602 1260 leniter
1620 1215 1643 1259 et
1670 1215 1802 1262 mansuete

999 1408 1087 1445 cocant
1099 1389 1214 1447 Damaso
1240 1391 1456 1446 reomendissima
1473 1392 1661 1464 episcopocum
1675 1403 1719 1446 tua
1735 1407 1804 1462 pra-

999 1487 1095 1539 stantia
1105 1501 1244 1547 serntones,
1263 1485 1463 1557 disputationes,
1477 1485 1615 1551 erubuisset,
1634 1502 1664 1539 ae
1685 1486 1802 1539 dolorem

1000 1579 1062 1632 ttrihi
1073 1577 1207 1646 afferebat,
1222 1595 1281 1632 cum
1296 1578 1389 1632 diceret
1405 1588 1553 1631 uumermos
1568 1576 1707 1631 iuAriauis
1721 1578 1802 1648 [scisse

998 1674 1206 1744 religiosissimos
1220 1673 1515 1739 fratrestanmrinistros
1540 1680 1641 1725 nostros
1667 1670 1802 1724 Meletium

142 1766 276 1839 synodum
299 1765 389 1820 ntrllna
410 1773 552 1834 supererat
573 1763 607 1819 de
629 1763 751 1834 ejusdem
773 1763 948 1819 damnatione
963 1766 986 1826 B
1001 1778 1024 1821 et
1037 1766 1188 1821 Eusebium.
1206 1766 1287 1821 Eortc
1303 1766 1392 1836 itaque
1407 1780 1469 1821 curm
1487 1766 1638 1820 Dorotheus
1651 1765 1801 1819 veliemen-

141 1859 299 1932 amhigendi
311 1859 405 1915 locas?

180 1955 249 2012 lluic
258 1957 350 2024 itaque
360 1954 478 2011 33337173
490 1964 587 2025 prater
599 1954 709 2010 l‘ctrmn
723 1954 946 2022 Alexandrinum,

148 2063 182 2104 ac
201 2047 366 2104 Dorotheum
392 2048 578 2121 presbyterum
600 2048 777 2103 Orientalium
801 2049 945 2119 episeopo·

148 2154 209 2194 ratu
224 2139 331 2194 nantino
345 2146 487 2208 agentum,
504 2138 663 2194 Timotheus
677 2138 796 2195 adfuisse
809 2139 904 2196 dehuit
914 2155 948 2196 eo

149 2233 261 2299 missus,
285 2242 313 2287 ut
330 2232 496 2302 Apollinaris
510 2248 619 2289 causatu
637 2242 758 2288 tueretur
774 2233 822 2307 (c).
846 2234 881 2288 At
903 2231 947 2288 hie

146 2325 227 2381 ctiam
244 2342 306 2381 curn
323 2327 451 2397 magistro
466 2342 516 2381 suo
539 2325 699 2394 damnatas,
722 2335 751 2380 at
766 2327 793 2381 iu
808 2328 946 2383 Drieutem

144 2417 237 2484 rediit,
253 2417 428 2474 siurnlatione
448 2419 521 2473 ontni
542 2419 676 2489 deposita,
688 2420 714 2473 73
729 2427 851 2489 apertam
865 2418 948 2474 furio-

143 2526 260 2582 samque
268 2510 386 2566 schisma
398 2512 529 2581 prorupit.
538 2526 569 2566 ac
579 2513 688 2567 Petram
698 2512 822 2568 cttnuicm
831 2511 948 2568 Alexan-

144 2603 270 2669 drinum,
285 2603 413 2658 Basiliam
426 2614 574 2674 praeterea,
590 2604 791 2676 Epiphaniam,
813 2620 845 2661 ae
858 2605 948 2662 Pauli·

144 2712 210 2751 num
227 2695 446 2750 anathematizare
465 2711 546 2751 ausus
560 2706 620 2763 est,
636 2697 703 2752 alios
725 2697 829 2754 seilicet
850 2709 878 2753 ut
899 2699 949 2754 Sa-

145 2788 294 2855 bellieuos,
316 2775 384 2844 alios
404 2804 493 2843 aurem
516 2799 547 2845 ut
567 2788 728 2856 Tritheitas,
750 2800 779 2844 ut
800 2806 850 2862 ego
872 2799 947 2861 putto,

144 2897 208 2938 eum
225 2882 422 2952 Apollinariaoi
442 2884 477 2939 de
493 2892 564 2939 recta
582 2886 760 2954 praecaeteris
776 2886 802 2939 io
817 2885 948 2941 Trinitatc

146 2974 203 3031 17713
216 2991 278 3032 sese
290 2975 431 3044 efferrens,
444 2986 525 3047 atque
540 2977 590 3031 alia
611 2978 684 3033 nulla
701 2977 847 3046 excogitari
863 2979 950 3047 possit

145 3082 240 3134 cansa,
253 3083 303 3123 car
313 3068 387 3124 uiros
398 3067 460 3124 illos
471 3069 658 3123 sanctissimos
668 3079 748 3138 atiprre
760 3070 949 3141 integerrimos

1000 1860 1052 1915 tim
1062 1868 1146 1923 essct,
1159 1874 1238 1930 tpuam
1254 1858 1373 1921 deceret,
1382 1872 1413 1912 ac
1426 1856 1525 1911 11373777
1540 1871 1595 1927 prce
1609 1855 1713 1910 Paulini
1727 1870 1804 1911 com·

999 1955 1154 2010 munionem
1183 1953 1351 2009 retinendam
1379 1949 1577 2017 contenderet,
1612 1948 1729 2015 Petrus,
1753 1947 1802 2021 qui

999 2047 1139 2104 Athanasii
1153 2047 1273 2118 uestigiis
1286 2044 1450 2101 inhaereosa
1465 2044 1576 2099 Darrlino
1591 2043 1690 2110 stahat,
1716 2051 1747 2099 ut
1757 2042 1801 2098 di·

999 2141 1145 2210 sputatoris
1159 2140 1358 2196 selremeutiam
1381 2138 1549 2205 retunderet,
1576 2135 1678 2207 objecit
1701 2137 1799 2194 iterum

999 2243 1055 2289 tum
1070 2243 1202 2290 retentam
1218 2249 1233 2289 3
1247 2233 1355 2288 11313773
1368 2243 1396 2287 37
1409 2231 1527 2287 Eusebio
1543 2246 1605 2286 cum
1625 2230 1735 2294 Acacio,
1756 2238 1800 2288 at·

999 2343 1051 2399 que
1066 2328 1173 2382 Arianis
1198 2330 1371 2393 societatcm;
1394 2334 1451 2379 trtm
1475 2332 1614 2393 premeres,
1638 2322 1710 2394 quud
1737 2338 1798 2379 curn
1871 2336 1873 2339 ·

999 2407 1169 2478 homoeusion
1183 2421 1358 2492 proterrent,
1371 2420 1405 2474 uh
1419 2420 1562 2475 irouumsio
1582 2417 1711 2473 recedere
1723 2416 1801 2474 uide·

1000 2528 1104 2580 rentur,
1119 2515 1244 2583 atouead
1257 2515 1374 2569 Arianos
1386 2515 1460 2586 ipsos
1485 2513 1611 2568 transire.
1639 2511 1703 2568 llaec
1726 2514 1800 2566 enim

999 2623 1059 2679 quse
1071 2617 1135 2663 tunc
1148 2608 1262 2663 invaluit
1281 2607 1410 2676 suspicio,
1426 2608 1556 2677 deinceps
1570 2606 1650 2662 etium
1660 2642 1665 2652 ι
1675 2605 1720 2660 din
1734 2621 1799 2676 per-

1000 2705 1092 2760 multis
1107 2704 1195 2770 lraesit,
1205 2720 1236 2760 ac
1248 2704 1441 2778 Hieronymum
1457 2703 1613 2767 7371377737
1629 2701 1801 2762 inChronieo

1000 2797 1142 2863 scriberet,
1155 2794 1333 2862 Meletium,in
1344 2795 1512 2852 Antiocheno
1525 2795 1641 2865 syuodo,
1653 2796 1798 2863 1733333373,
1895 2812 1900 2826 ¹

999 2904 1164 2957 artoruoeapue
1188 2891 1294 2962 rejecto,
1318 2886 1430 2942 aredium
1458 2888 1525 2944 inter·
1550 2891 1605 2942 hac
1631 2887 1800 2953 harrroeusion,

1001 2979 1217 3036 Macedonianum
1231 2981 1326 3053 doprua
1339 2981 1530 3035 uindicanisse:
1557 2996 1588 3036 ac
1601 2995 1710 3035 causam
1725 2977 1801 3035 aedit

1001 3073 1069 3131 libro
1080 3075 1150 3128 iuter
1164 3072 1304 3128 Athanasii
1320 3089 1401 3144 opera
1418 3074 1560 3142 impresso,
1584 3073 1629 3145 qrri
1644 3070 1800 3127 inscribitur

144 3165 388 3220 excommunicare
410 3178 494 3219 ausus
516 3163 609 3220 fuerit.
633 3162 718 3234 liujus
742 3167 780 3220 rei
805 3166 882 3221 testis
906 3156 1134 3238 estCRefutatia
1154 3165 1298 3236 hypocrisis
1324 3164 1433 3229 Meletii,
1448 3175 1473 3219 et
1498 3164 1604 3219 Eusehii
1623 3162 1798 3231 samosateni,
1858 3224 1860 3229 A

145 3255 242 3312 Petrus
261 3258 320 3328 ipse
340 3256 368 3312 in
384 3250 497 3328 epistola
513 3258 547 3311 ιιι
566 3259 714 3330 episcopas,
732 3261 906 3331 presbyteras,
925 3271 949 3316 et

144 3350 269 3404 diacanos
288 3367 336 3422 pra
360 3367 418 3405 nera
441 3350 493 3419 hde
513 3351 540 3405 iu
563 3352 655 3405 exsilia
679 3353 845 3421 constitutos,
873 3353 949 3424 cujus

144 3440 328 3513 fragmentum
351 3442 496 3498 Facundus
512 3443 553 3515 (ιι)
577 3444 683 3500 recitat.
708 3447 749 3499 An
771 3460 836 3500 uero
857 3445 950 3500 Timo

143 3535 225 3591 theos
237 3536 264 3591 id
278 3536 391 3592 sceleris
405 3552 487 3593 ausus
500 3538 551 3602 sit,
569 3548 710 3608 postquam
723 3538 793 3592 idem
809 3538 904 3594 Petrus
914 3540 948 3595 ad

143 3624 296 3685 Ecclesiim
311 3643 388 3684 suam
405 3644 534 3686 reuersas
555 3629 657 3695 733337,
678 3645 712 3685 an
734 3645 875 3686 ueroeam
891 3647 949 3687 mo-

144 3738 201 3778 ram
220 3723 315 3778 houna
328 3723 416 3777 adiruc
432 3726 568 3790 traheret,
593 3724 675 3778 statui
689 3739 741 3778 nou
756 3732 855 3792 potest.
870 3725 948 3792 chod

143 3816 276 3872 affirmari
298 3833 313 3872 a
329 3832 372 3872 me
384 3831 465 3887 posse
481 3828 556 3887 puto,
572 3817 635 3872 iliud
657 3826 716 3885 est,
739 3818 790 3871 froc
804 3800 947 3888 accidisse,

143 3919 289 3979 postquam
303 3908 472 3978 Epiphanius
483 3924 544 3963 curn
562 3908 641 3962 l'itali
654 3907 806 3963 Antiochiae
820 3924 949 3980 crrrtgres·

144 4013 194 4054 sus
210 3999 307 4069 fuerat,
321 4000 357 4054 ab
376 4015 465 4071 eoque
480 4001 673 4071 apollinarista
688 4002 813 4070 detecto,
829 4008 890 4059 sese
905 4017 949 4060 se·

146 4103 303 4164 parauerat,
319 4108 350 4149 ac
367 4106 506 4166 postquam
523 4095 638 4149 Basilius
657 4095 690 4149 ad
706 4096 799 4152 sedem
820 4097 949 4166 apostoli·

145 4201 207 4241 carn
221 4187 419 4256 Apollinarium
433 4186 577 4254 detulerat,
590 4187 766 4258 danmatione
777 4190 946 4245 olninnerat:

146 4292 236 4347 sieque
250 4279 323 4333 euim
337 4289 396 4334 erat
410 4295 506 4345 causa,
528 4295 577 4336 eur
591 4281 622 4335 iis
635 4295 700 4337 ante
715 4281 767 4336 hrrc
781 4290 887 4351 tempus
902 4297 949 4338 re-

146 4385 231 4426 sersus
244 4371 326 4425 homo
341 4373 484 4428 arrathema
496 4373 599 4428 diceret
614 4390 621 4427 :
638 4374 744 4429 ridetur
758 4382 849 4429 tamen
865 4389 947 4429 vero·

148 4459 281 4527 similius,
304 4463 362 4519 hacc
376 4479 391 4518 3
405 4464 548 4519 Timotheo
564 4474 716 4535 perpetrata
739 4465 854 4535 flagitia,
874 4475 949 4538 pust-

1000 3267 1024 3313 ct
1036 3259 1164 3313 socierum
1173 3260 1295 3313 aduersus
1310 3255 1618 3314 Comuhstantiaiitutmt.

1035 3353 1070 3409 At
1081 3354 1213 3408 Damasus
1226 3369 1269 3421 ea,
1283 3368 1335 3424 quta
1348 3352 1476 3421 praelitas
1490 3361 1548 3407 erat
1560 3349 1703 3420 sapientia,
1718 3357 1800 3420 atqua

999 3443 1081 3498 animi
1096 3444 1261 3509 constantia,
1288 3443 1354 3498 nihil
1376 3443 1495 3500 decessit
1517 3458 1531 3496 a
1557 3451 1688 3513 concepta
1713 3441 1800 3498 seurel

1000 3537 1165 3608 defruimcpue
1176 3539 1322 3593 seruientia.
1332 3537 1425 3606 Neque
1440 3521 1710 3593 enimeccicsiasticae
1719 3536 1800 3591 disci·

1000 3629 1801 3703 pliuaeratiopatiebatur,ut'Paulintrs,urrilogitimcordiua·

1000 3722 1800 3794 tnsfucrat,acuuilaunortarnhaereticorum,corrrmuuiune

1000 3833 1030 3873 se
1046 3817 1244 3888 polluerat,qui
1259 3831 1357 3886 magno
1369 3817 1459 3871 animo
1471 3829 1621 3886 nragnauue
1635 3814 1799 3881 constantia,

1000 3925 1088 3980 neone
1103 3907 1235 3972 Valentis,
1252 3923 1338 3979 rreqtre
1353 3909 1515 3964 Asianorum
1532 3908 1612 3962 otiaris
1625 3907 1797 3976 perterritus,

999 4004 1161 4061 eatlroticam
1189 4003 1269 4059 fldem
1296 4002 1383 4072 puisun
1413 4003 1552 4072 protessus
1582 4001 1682 4068 furerat,
1719 4018 1799 4074 quom

1000 4098 1180 4170 ttierouynus
1193 4098 1375 4162 confessorem,
1390 4094 1503 4151 Raiirrus
1522 4096 1605 4149 uirum
1626 4106 1753 4160 sonetum,
1770 4112 1801 4150 ac

1000 4192 1146 4258 peremnia
1161 4189 1304 4245 sacerdotio
1320 4190 1426 4262 dignum
1440 4189 1570 4258 appellat,
1597 4189 1802 4257 prrrsthaherctnr

1000 4285 1176 4356 Alsietinam
1190 4282 1387 4339 Antiochenam
1399 4282 1547 4338 Ecclesiam
1562 4283 1644 4337 veluti
1660 4282 1799 4351 pru-mium

1000 4378 1122 4435 eritninis
1135 4377 1299 4443 obtinuerat,
1314 4391 1477 4445 quarumnam
1500 4390 1593 4430 curum
1616 4374 1738 4429 societati
1757 4388 1801 4427 re·

1000 4471 1161 4526 nuntiasset.
1174 4467 1274 4524 Corrtra
1287 4483 1361 4531 reru,
1372 4478 1452 4536 atque
1465 4466 1500 4521 oh
1513 4465 1584 4520 hauc
1597 4479 1717 4529 cansam,
1729 4461 1802 4532 quod

149 4567 231 4623 qnam
251 4555 346 4610 Petrus
364 4556 554 4611 Alexandriam
577 4571 702 4612 reversus
716 4556 864 4613 hantunam
879 4558 948 4615 hane
959 4541 987 4602 Ῑ)
1000 4565 1066 4621 Ario
1080 4561 1223 4616 anatthcma
1239 4560 1362 4624 dixisset,
1376 4573 1409 4614 ac
1425 4572 1474 4627 pro
1486 4572 1548 4612 uera
1574 4555 1626 4612 tute
1646 4554 1723 4610 castil
1736 4564 1800 4609 tanc

149 4646 298 4717 synodum,
321 4658 350 4702 ot
364 4648 477 4705 Rtrftuns
492 4651 544 4715 377,
562 4651 774 4718 confirmaverat,
800 4667 949 4723 eorumque

149 4739 342 4797 hereticorum
367 4743 568 4798 damnationem
594 4744 729 4814 episeopis
755 4755 783 4799 et
815 4745 945 4802 Ecclesiis

147 4835 199 4889 suls
211 4849 241 4890 se
255 4835 350 4905 positis
365 4835 580 4892 derrantiauerat.
599 4837 782 4908 Apollinarias
795 4841 867 4893 eninr
878 4839 951 4910 ejus-

148 4941 201 4997 que
215 4927 346 4996 asseclae,
363 4937 426 4984 tnnc
441 4944 564 4998 quaerere
577 4929 621 4999 spui
636 4929 686 4984 sibi
706 4933 948 4998 communicarent,

149 5032 241 5076 contra
270 5022 406 5092 praecipua
430 5017 624 5078 catholicorum
649 5026 837 5093 episcoporum
863 5027 950 5094 capita

149 5113 298 5168 calumnias
313 5129 415 5180 serere,
432 5130 464 5169 ae
477 5115 662 5171 dissensiones
677 5116 787 5187 ubique,
802 5127 829 5173 et
841 5118 951 5175 scissio-

150 5220 197 5261 nes
212 5206 393 5263 Ecclesiarmu
409 5209 528 5264 excitare
547 5217 701 5279 coeperuot,
720 5224 750 5264 ac
765 5209 866 5265 nefaria
877 5226 951 5281 quae-

150 5312 212 5368 qae,
224 5300 328 5370 pudore
343 5300 418 5356 omui
428 5302 563 5372 deposito,
586 5302 696 5358 asidera.
713 5302 780 5357 lline
801 5304 901 5375 quippe
915 5303 953 5359 73-

151 5402 241 5460 ctam,
261 5403 291 5449 at
312 5395 384 5450 idcm
405 5396 518 5462 Petrus,
534 5407 562 5452 ct
576 5397 709 5464 1733717773,
726 5412 781 5454 ano
802 5399 952 5471 eodemque

152 5496 274 5557 tempore
288 5488 385 5544 iisdem
401 5491 531 5546 ecsutitus
551 5491 679 5562 episcopis
700 5491 864 5556 scriberent,
883 5493 952 5550 alter

151 5590 182 5636 nt
195 5597 329 5637 summam
355 5582 490 5639 ’1737371737
513 5584 681 5656 aliorumque
696 5583 949 5655 Apollinaristarum

187 5698 229 5772 (a)
248 5697 335 5769 Epist.
349 5701 414 5771 Eli,
427 5701 494 5757 alias
508 5700 555 5757 et.

188 5768 231 5843 (ι)
250 5768 326 5842 Epist
347 5772 411 5843 765,
423 5782 502 5830 33733
514 5771 578 5830 2115.

1000 4670 1082 4722 essct,
1092 4675 1152 4731 quta
1165 4673 1180 4712 a
1193 4658 1273 4712 l‘etro
1288 4652 1473 4711 Alexandrino
1485 4662 1548 4706 ttroc
1560 4650 1628 4705 forte
1643 4649 1724 4704 illata¹
1738 4655 1802 4705 sorni

1000 4760 1109 4805 retcrcs
1123 4749 1338 4813 criminationes,
1361 4745 1473 4800 minime
1486 4741 1645 4808 effecerunt,
1672 4743 1735 4813 quriu
1750 4741 1802 4795 Da·

1003 4858 1094 4898 masas
1108 4858 1169 4897 crum
1184 4841 1297 4905 Basilio,
1310 4840 1424 4909 aliisque
1439 4834 1538 4891 hlcletii
1558 4845 1585 4890 et
1604 4833 1713 4891 Euschii
1727 4847 1802 4888 eom-

1003 4931 1215 4989 ornnicatorilrus
1240 4929 1396 4985 societatem
1420 4942 1559 4984 sacrorum
1589 4941 1710 4989 servaras,
1739 4936 1801 4977 cum

1001 5027 1097 5084 eodem
1123 5026 1204 5079 ctiam
1228 5023 1336 5078 Aielcao
1363 5021 1582 5076 communionem
1610 5015 1802 5089 mysteriorum

1003 5133 1143 5175 sacrorum
1160 5117 1300 5172 retiner-ct.
1316 5114 1384 5170 llinc
1403 5115 1567 5168 Dorotheum
1589 5109 1677 5179 ipsam
1690 5113 1718 5160 et
1738 5118 1802 5158 san-

1003 5213 1151 5269 ctissimum
1163 5210 1365 5268 heteriauarun
1391 5209 1504 5279 partium
1521 5202 1692 5274 presbyteros
1716 5196 1804 5252 semel

1005 5307 1158 5370 itermnunc
1177 5303 1363 5360 adsemissos
1392 5295 1594 5368 perhumaniter
1618 5292 1746 5362 suscepit,
1771 5304 1804 5347 ac

1005 5399 1039 5454 ad
1051 5414 1127 5455 sacra
1141 5398 1232 5450 omnis
1246 5397 1364 5451 adruisit.
1383 5391 1494 5446 llahitus
1507 5389 1596 5456 itaque
1609 5385 1732 5440 hlcletius
1754 5397 1806 5454 pro

1005 5488 1140 5552 catholico
1155 5493 1283 5563 episcopo
1297 5489 1357 5553 fuit,
1373 5495 1401 5540 at
1427 5484 1538 5538 minime
1563 5495 1624 5536 cum
1639 5494 1673 5536 eo
1687 5481 1754 5535 inita
1777 5487 1806 5535 ct

1006 5596 1111 5643 reuerita
1122 5591 1195 5640 areta
1211 5577 1428 5650 itlaconjuuctio,
1438 5589 1470 5631 sc
1482 5573 1601 5630 fraterna
1612 5572 1740 5641 charitas,
1751 5583 1806 5639 aaa
1852 5620 1859 5636 ,

1039 5701 1077 5774 (c)
1097 5700 1159 5757 llid.
1171 5713 1231 5770 cap.
1246 5696 1291 5752 22.

1042 5771 1155 5845 (777171).
1173 5786 1209 5839 rr,
1225 5783 1284 5840 cap.
1297 5766 1325 5823 2³
