3900 6134
176 249 244 309 1081
696 245 904 309 eanmddsls
922 249 970 309 db
990 249 1258 314 hmdmhdttttt.
1752 258 1825 319 ¹⁰82

174 386 247 438 rum,
274 379 303 429 et
327 370 509 443 prasegmina
531 375 623 451 restra
641 377 837 438 contemnere;
863 370 972 428 undem
986 374 1121 436 Adextra
1135 374 1305 447 sinistraque
1323 375 1452 449 dgentem
1466 392 1474 432 a
1490 375 1625 448 intellige,
1638 374 1670 432 ab
1684 381 1744 432 ortu
1762 375 1827 432 aoiia

173 464 323 521 catholicos
336 479 433 537 greges
448 473 476 522 et
496 474 550 521 tam
566 465 619 522 late
636 473 760 535 patentes
776 464 910 521 Ecclesiae
923 478 974 536 po-
1024 485 1105 542 arque
1130 470 1165 524 cd
1192 486 1313 526 oceasum
1337 469 1470 527 laudabile
1494 485 1588 525 nomen
1611 465 1717 524 homiui
1734 467 1824 541 (Ptol.

174 558 252 631 pulos
267 560 377 616 intueri.
395 559 446 616 libi
465 575 547 626 unus,
568 559 687 630 inquies,
699 559 737 617 ihi
753 569 782 616 et
795 574 861 632 ego;
880 571 909 616 et
926 553 972 617 ubi
1024 577 1089 632 crit,
1106 563 1147 634 3).
1159 562 1314 631 Eidemide,
1329 577 1434 636 quacso,
1448 559 1606 618 donatianis
1619 561 1646 616 in
1660 557 1748 617 rerba
1762 557 1822 616 iuc-

173 650 240 718 duo,
268 651 307 707 ibi
334 652 476 708 Ecclesia:
496 653 541 708 ubi
559 667 632 710 unus
653 663 743 710 tamen
766 667 897 720 concors;
925 655 971 711 uhi
1024 658 1158 725 tantibus,
1182 657 1332 714 catholicas
1355 657 1399 730 agi
1426 663 1485 712 toto
1504 653 1571 711 orbe
1594 652 1714 709 divitias.
1735 651 1826 722 Super

90 812 92 816 y
172 743 238 812 duo,
252 744 367 816 paoiiici.
389 743 442 801 Ubi
462 759 543 809 uuus,
565 754 593 802 et
612 747 872 819 Ecclesia;quanto
885 748 972 820 magis
1023 751 1152 808 omnibus
1164 753 1293 823 quibusa
1312 759 1338 808 tu
1358 766 1418 807 snm
1440 749 1593 815 consultus,
1615 746 1742 804 instruxi.
1757 744 1825 801 Nul-

173 837 219 895 llbl
242 837 350 907 illiti?
374 835 507 904 Meliorem
531 838 631 910 induli.
658 839 711 894 ἀίω
733 855 811 905 ittam
833 855 926 895 utut-⁶
948 848 973 895 et
1023 844 1092 913 lam,
1108 858 1140 899 ex
1161 842 1306 914 propositis
1319 849 1402 913 caput
1419 841 1620 898 sententiamve
1633 837 1764 910 praeterii.
1780 833 1823 894 to

171 940 288 1000 oportum
311 929 408 999 triplex
421 932 474 985 non
493 931 624 1001 rumpitur
639 929 741 1003 (Ereto.
764 946 804 1000 ιι,
821 929 879 1002 li).
900 931 972 989 dudi
1023 934 1097 1007 ipsos
1108 935 1203 1006 apices
1216 943 1244 990 et
1255 934 1338 990 uerba
1348 931 1490 1004 respondi.
1510 931 1539 988 Si
1551 930 1719 987 consulentis
1731 928 1825 984 animo

172 1020 280 1075 hacid:
305 1019 424 1076 Psallam
438 1023 595 1078 nominituo
617 1024 645 1079 in
663 1023 770 1080 ecclesio
782 1025 866 1081 molto
883 1024 970 1097 (Psoi.
1024 1026 1172 1098 requisisti,
1193 1033 1317 1080 amanter
1341 1032 1483 1082 ostensum
1507 1031 1577 1079 est:
1602 1022 1625 1077 si
1651 1021 1822 1089 lacessentis,

171 1117 266 1179 auxta,
282 1112 340 1182 td).
365 1112 398 1168 Et
411 1113 512 1170 iterum
533 1130 541 1168 ε
567 1114 601 1170 in
617 1117 715 1185 popolo
732 1119 805 1190 moui
819 1117 932 1175 hodoco
946 1126 972 1175 te
1022 1119 1095 1176 haud
1105 1118 1225 1191 segniter
1237 1118 1417 1188 disputatum.
1435 1115 1615 1187 subiungant,
1630 1128 1693 1170 cum
1707 1127 1822 1169 vacuum

169 1202 278 1277 (idid).
294 1204 349 1261 Et:
364 1204 434 1262 Deus
450 1207 557 1263 deorum
572 1208 675 1265 loeutus
700 1220 749 1278 eat,
766 1219 791 1266 et
807 1214 905 1268 uocauit
919 1223 972 1269 ter·
1022 1215 1087 1283 erit,
1103 1223 1131 1270 et
1146 1213 1228 1268 aliam
1249 1210 1406 1282 epistolam,
1425 1211 1452 1265 in
1473 1222 1526 1280 qua
1542 1220 1597 1263 non
1615 1215 1709 1263 uestra
1729 1205 1825 1262 redar-

168 1312 226 1350 rom
247 1297 279 1353 ob
293 1305 352 1352 ortu
373 1299 436 1354 solia
449 1301 576 1371 usquead
600 1317 718 1357 oeeoaam
734 1302 821 1375 (Psoi.
839 1319 912 1371 xmx,
930 1303 969 1378 i).
1021 1322 1113 1378 guam,
1137 1305 1185 1362 sed
1207 1315 1299 1362 nostra
1313 1318 1462 1377 proponam
1480 1320 1487 1357 :
1513 1317 1606 1374 quam,
1623 1302 1646 1357 si
1660 1300 1780 1373 benigne
1794 1308 1823 1355 et

168 1389 239 1460 Quid
254 1407 347 1448 semen
360 1391 488 1460 Abrabae,
504 1395 657 1451 secundum
672 1396 816 1453 stellarum
832 1398 928 1456 modos
941 1408 971 1454 et
1021 1399 1081 1455 sine
1095 1397 1205 1454 lastidio
1219 1397 1330 1468 legeris,
1345 1395 1461 1452 tortasse
1476 1408 1531 1451 uon
1546 1393 1638 1450 laedet.
1654 1392 1779 1460 interim,
1795 1392 1823 1448 in

168 1497 299 1540 numeros
314 1501 471 1555 arenarum,
494 1497 585 1545 vestra
606 1499 765 1561 paupertate
788 1493 970 1549 contentum?
1021 1490 1084 1558 ista,
1101 1500 1163 1560 peto
1175 1497 1206 1545 ut
1218 1489 1323 1560 singula
1335 1503 1451 1559 quaeque
1464 1501 1637 1559 percenseas.
1654 1483 1754 1543 Omnia
1765 1483 1823 1540 cito

169 1572 360 1634 benedicentur
376 1580 405 1634 in
425 1587 460 1644 te,
476 1581 575 1650 inquit,
591 1598 679 1638 omnes
699 1584 779 1638 tribus
798 1593 873 1640 terre
888 1583 966 1659 (Gora.
1020 1583 1091 1640 lecta
1114 1591 1301 1654 praetereunt:
1323 1583 1346 1637 si
1361 1581 1526 1637 charismata
1539 1579 1652 1636 meliora
1668 1579 1822 1647 desideras,

167 1684 236 1737 xant,
259 1670 314 1742 itt).
338 1671 404 1739 liic;
426 1672 597 1731 Noratianus
618 1673 668 1730 has
687 1676 816 1748 impleat?
839 1676 898 1733 Non
913 1685 967 1735 tarn
1019 1685 1048 1735 et
1070 1677 1149 1734 bona
1164 1676 1332 1733 eruditionis
1349 1677 1466 1730 animam
1487 1673 1570 1745 geris,
1588 1686 1644 1729 non
1665 1672 1747 1728 iacile
1765 1680 1820 1727 tam

166 1774 276 1832 parum,
289 1764 423 1835 sanguine
433 1779 483 1821 suo
498 1767 617 1824 redemit
630 1768 716 1836 heus,
733 1783 784 1825 nco
796 1778 850 1826 tom
865 1784 968 1842 pauper
982 1769 1007 1830 B
1019 1784 1084 1828 vera
1105 1769 1269 1826 contemnis.
1283 1768 1417 1825 Dominus
1432 1776 1459 1823 te
1479 1768 1507 1823 in
1521 1775 1658 1822 aternum
1682 1763 1821 1821 custodire

167 1862 211 1909 est
228 1853 362 1912 Christus.
383 1857 525 1929 Cognosce
544 1860 610 1930 iam,
626 1858 722 1928 irater,
747 1861 897 1920 Ecclesiam
919 1864 967 1922 liei
1021 1874 1049 1920 et
1062 1872 1207 1936 protegere
1220 1861 1359 1932 dignetur,
1374 1869 1402 1916 et
1422 1859 1607 1916 Christianum
1627 1858 1721 1914 uiuere
1739 1856 1821 1912 iaciat

166 1944 330 2005 dilatantem
360 1950 536 2010 tabernacula
568 1967 628 2021 sua,
655 1962 685 2011 et
713 1954 864 2011 aulaeorum
891 1955 970 2027 palos
1020 1957 1054 2014 ad
1068 1955 1244 2043 concordiam
1258 1953 1439 2026 spiritualem.
1456 1954 1553 2010 Amen.

591 2274 931 2392 sument
966 2252 1363 2394 norm

684 2487 1299 2650 PARAENESIS.

942 2695 1033 2760 SIVE

249 2847 768 2938 EXHORTATORIUS
802 2846 1098 2961 LIBELLUS,
1135 2850 1215 2934 AD
1252 2779 1714 2934 PoENITENTIAM.

195 3225 216 3282 1.
241 3224 298 3282 Etsi
317 3223 475 3297 aliquoties,
492 3222 659 3279 tumultuose
675 3222 752 3290 licet,
772 3221 808 3278 de
823 3217 995 3290 pontion-c
1010 3229 1066 3287 quo
1086 3226 1169 3287 posse
1189 3211 1368 3285 reprehendi.
1390 3213 1480 3282 Atque
1499 3218 1529 3267 ut
1547 3224 1655 3267 coenum
1670 3211 1742 3270 solet
1755 3221 1811 3273 tum

157 3317 225 3376 tium
246 3319 388 3374 curatione
403 3331 458 3373 non
479 3316 566 3383 tacui;
588 3329 694 3370 memor
709 3322 800 3370 tanuen
815 3311 959 3369 dominica
1009 3308 1129 3365 maxime
1153 3306 1253 3364 loetere
1277 3319 1340 3362 cum
1361 3316 1491 3370 moseas3
1516 3309 1545 3359 et
1569 3302 1728 3360 incendium
1754 3313 1812 3363 tum

156 3409 364 3477 sollicitudinis,
386 3425 447 3482 quae
458 3417 569 3481 propter
584 3408 666 3464 utrius
679 3407 795 3464 oriculae
808 3405 958 3462 detrimen·
1008 3402 1096 3476 magis
1107 3400 1215 3469 ardere,
1236 3400 1259 3457 si
1279 3410 1385 3466 tortas,
1402 3408 1429 3455 et
1442 3396 1533 3454 rabies
1546 3404 1603 3453 tum
1624 3398 1814 3459 uehementius

156 3511 213 3562 tttm
228 3505 386 3562 cervicibus
397 3506 481 3562 etiam
496 3504 553 3561 suis
577 3511 606 3560 et
618 3501 741 3559 humeris
754 3515 810 3558 non
825 3500 957 3573 pepercit,
1008 3495 1117 3563 saevire,
1132 3495 1155 3552 si
1169 3506 1302 3564 provoces
1315 3506 1323 3546 a
1336 3490 1374 3547 ita
1385 3490 1424 3547 ilii
1436 3489 1638 3562 objurgationis
1648 3492 1811 3549 necessariae

155 3597 291 3670 integrato
305 3598 381 3670 gregi
393 3597 517 3655 reserens
532 3597 714 3668 peccatricem
728 3595 874 3652 delicatam
888 3611 895 3649 ε
909 3607 957 3651 co·
1007 3586 1134 3643 stimulos
1158 3583 1297 3642 contrario
1320 3582 1397 3640 calce
1422 3580 1577 3654 fregerunt,
1598 3598 1655 3640 non
1679 3582 1739 3641 sinc
1760 3597 1810 3641 suo

156 3688 253 3758 nahor,
276 3699 304 3745 ut
328 3699 436 3760 potero,
456 3699 539 3746 tantae
561 3688 670 3745 uirtutis
692 3687 850 3758 exemplum
873 3686 956 3744 etiam
1006 3681 1114 3754 quidem
1130 3680 1203 3737 malo
1216 3688 1244 3737 et
1257 3678 1372 3736 vulnere
1389 3686 1585 3749 repugnantes.

154 3779 227 3853 stylo
249 3789 273 3852 t,
291 3781 422 3850 condere,
441 3796 474 3839 ac
501 3781 629 3838 dominici
655 3779 760 3838 laboris
779 3780 953 3850 industriam,
1041 3772 1075 3829 ll.
1089 3773 1145 3830 llos
1157 3781 1259 3839 tamen,
1273 3769 1486 3837 dilectissimi,a
1508 3768 1625 3828 Domino
1643 3778 1809 3829 mementote

153 3875 345 3934 mediocritate
372 3878 437 3949 (qua
464 3876 575 3947 dignum
603 3875 657 3946 est)
685 3890 784 3933 seruus
814 3874 954 3931 imitabor.
1005 3867 1126 3940 positum
1143 3866 1417 3938 :drqaesopienteoq
1438 3875 1462 3922 et
1483 3866 1727 3936 mnodittetotqae
1744 3864 1809 3922 stal-

153 3962 245 4022 Unom
259 3966 327 4023 illud
341 3982 447 4035 vereor,
459 3966 641 4034 dilectissimi,
654 3978 689 4025 ne
703 3967 793 4024 solitae
805 3966 955 4023 contrario·
1006 3971 1072 4029 tam,
1086 3972 1111 4019 et
1123 3961 1184 4018 odio
1197 3969 1221 4017 te
1234 3960 1334 4016 habebit
1345 3959 1439 4030 (Proo.
1451 3975 1490 4028 ιι,
1503 3960 1542 4031 8).
1555 3960 1587 4015 Et
1601 3959 1702 4015 iterum
1715 3974 1722 4014 :
1738 3956 1806 4030 qu,

150 4057 219 4114 tatis
245 4057 380 4126 aduersis,
409 4057 570 4117 inculcando
595 4073 655 4129 quae
683 4058 763 4125 stunt,
789 4056 952 4113 admoneam
1004 4070 1069 4126 quor
1082 4054 1173 4125 diligo,
1186 4053 1314 4124 redarguo
1326 4062 1350 4108 ct
1362 4053 1461 4124 castigo
1475 4051 1571 4123 (Apoc.
1587 4067 1628 4116 nt,
1644 4050 1703 4121 19).
1716 4048 1807 4121 Atque

152 4151 240 4222 magis
258 4159 371 4222 peccata
390 4165 471 4221 quam
494 4152 660 4221 reprimam:
685 4151 839 4221 meliusque
859 4148 950 4215 luerit,
1004 4144 1067 4201 ideo
1080 4143 1207 4201 blandam
1223 4143 1303 4214 hujus
1311 4143 1365 4199 mei
1381 4144 1474 4216 operis
1486 4156 1519 4198 ac
1532 4142 1677 4199 sollicitam
1692 4141 1807 4214 diligen·

151 4239 234 4298 httici
247 4240 503 4312 Soloniseacmplo,
518 4253 611 4299 tacere
624 4241 658 4298 de
672 4244 777 4312 magnis
788 4240 951 4307 accionibus,
1002 4238 1081 4304 tiam,
1106 4245 1135 4294 et
1155 4236 1307 4294 secundum
1321 4237 1431 4293 Donnini
1457 4236 1626 4293 uoluntatem
1641 4248 1657 4289 a
1677 4249 1721 4291 me
1743 4234 1805 4304 ipso

149 4347 232 4405 quam
247 4347 360 4400 cauere;
374 4348 408 4391 co
420 4349 505 4406 usque
520 4335 674 4407 progressis
688 4332 853 4390 nostratium
867 4332 952 4388 mori·
1003 4330 1086 4388 iratre
1095 4338 1190 4386 aestro
1200 4343 1233 4385 ac
1247 4330 1391 4385 sacerdote
1402 4335 1570 4398 susceptam,
1581 4340 1703 4381 amorem
1715 4325 1805 4395 potius

149 4423 253 4492 bus,ut
272 4426 428 4483 admonitos
442 4442 473 4484 se
491 4427 727 4484 existimenteum
741 4434 877 4483 vetantur.
894 4425 951 4480 lloc
987 4413 1105 4478 'aedito
1128 4436 1209 4493 quam
1235 4421 1367 4491 rigorem,
1394 4417 1535 4490 sequendo
1556 4416 1725 4483 amabiliter,
1748 4430 1802 4472 non

149 4514 235 4583 enim,
249 4525 325 4588 puto,
346 4516 495 4590 proximeb
510 4519 646 4575 cernadus
660 4518 706 4576 ille
722 4516 896 4588 prolectant
915 4531 950 4573 co
1003 4520 1181 4592 pertinaciter
1195 4516 1383 4591 repugnando.
1401 4514 1539 4573 Praeterea
1559 4513 1651 4571 nullus
1664 4513 1804 4570 existimet

148 4606 305 4678 diligentior
325 4611 412 4678 lieret,
426 4625 481 4683 quo
495 4609 656 4681 impressius
669 4611 829 4668 notabatur.
846 4611 880 4666 Et
893 4616 948 4665 tota
962 4601 989 4663 b
1002 4611 1076 4669 hunc
1090 4613 1180 4684 ipsum
1201 4611 1236 4669 de
1256 4609 1428 4667 Poenitentiaa
1453 4607 1624 4664 institutione
1644 4620 1800 4663 sermonem

148 4696 194 4754 illa
209 4702 389 4770 reprehensio
403 4703 548 4760 dedecoris
559 4705 683 4775 expressi
696 4718 730 4760 ac
742 4719 816 4773 saepe
826 4703 949 4774 repetiti,
997 4707 1065 4764 solis
1077 4705 1268 4763 tantummodo
1281 4702 1477 4775 penitentibus
1485 4701 1640 4758 ordinatum
1652 4717 1660 4769 ;
1672 4715 1706 4758 ne
1717 4715 1800 4772 prop·

147 4804 202 4847 uon
215 4794 412 4863 compressisse
433 4795 567 4861 uideatur,
587 4795 636 4852 sed
658 4795 782 4853 erudisse
799 4795 946 4851 luxuriam.
998 4812 1041 4858 ter
1061 4799 1114 4856 boc
1128 4800 1251 4873 quisquis
1270 4809 1348 4857 extra
1363 4799 1435 4855 hurtc
1447 4796 1563 4870 gradum
1578 4797 1684 4868 positus
1698 4803 1752 4864 est,
1767 4810 1800 4852 ea

147 4887 190 4945 hle
202 4889 347 4946 miseruml
359 4889 431 4959 Quid
452 4905 504 4963 ego
517 4890 644 4948 iocinoris
659 4889 777 4946 admisit
791 4891 870 4957 Puto,
884 4903 947 4944 nes·
997 4904 1177 4963 quoecumque
1197 4890 1335 4957 dicentur,
1350 4887 1426 4946 velut
1446 4889 1472 4944 iu
1487 4886 1558 4944 alios
1572 4885 1709 4943 destinata
1723 4882 1801 4940 iasti-

145 4978 251 5037 cierant
275 4981 425 5053 cervulum
450 4984 551 5051 iacere,
571 4982 623 5039 nisi
642 4981 696 5040 illis
719 4975 947 5054 reprehendendo
997 4983 1067 5052 diat,
1089 4997 1152 5040 cum
1177 4984 1204 5039 in
1227 4983 1298 5040 banc
1319 4982 1399 5054 quasi
1426 4979 1535 5038 libulam
1558 4979 1643 5036 totius
1667 4975 1800 5033 Ecclesiae

85 5106 88 5112 -
146 5083 355 5133 monstrassem.
369 5075 469 5133 Verum
483 5077 519 5133 sit
545 5076 623 5134 illud.
637 5077 686 5134 lici
698 5077 801 5149 relngae
812 5085 858 5133 aut
868 5085 945 5134 extra
998 5076 1144 5150 disciplina
1160 5087 1172 5117 ι
1196 5083 1316 5143 notetur,
1329 5073 1453 5145 quando,
1477 5082 1506 5130 ct
1526 5067 1799 5135 catechumenium

144 5163 296 5224 Ecclesiam
311 5169 466 5236 constituti,
486 5168 569 5226 etiam
585 5171 739 5242 exasperati
752 5178 817 5226 sunt
830 5171 946 5243 castiga-
999 5171 1028 5228 in
1048 5171 1101 5228 hoc
1115 5177 1271 5235 transeant3
1292 5179 1320 5224 et
1339 5165 1477 5235 ddelibus,
1497 5179 1532 5221 ne
1549 5164 1577 5220 in
1600 5162 1654 5220 boc
1671 5161 1797 5225 redeant,

144 5259 226 5316 tlonis
240 5260 357 5332 iniuria;
373 5260 507 5333 indignati
520 5261 640 5329 scilicet,
662 5277 753 5320 mores
767 5277 833 5321 suos
846 5263 881 5322 ab
891 5264 944 5322 ali·
997 5263 1194 5337 prouidendum
1217 5261 1271 5329 sit;
1288 5261 1355 5334 ipsis
1373 5274 1441 5318 aero
1455 5256 1661 5331 paenitentibus,
1674 5261 1706 5310 ut
1723 5251 1798 5310 cele-

180 5449 192 5477 ι
210 5439 336 5499 condor.
353 5442 393 5497 dn
408 5440 539 5497 condire?
994 5439 1065 5498 mem
1083 5440 1241 5513 exagitabat
1260 5453 1294 5495 eo
1313 5439 1437 5509 inopere
1449 5436 1480 5493 S.
1497 5435 1589 5501 Pater,
1601 5434 1638 5493 de
1650 5430 1794 5520 qnoplura

176 5509 331 5568 hCerouius
350 5513 440 5568 ilic...
455 5509 593 5568 duratam
618 5526 689 5567 aere.
705 5509 736 5568 S.
758 5509 943 5581 liieronymus
994 5509 1120 5569 homines
1133 5510 1242 5570 eruditi.
1258 5507 1379 5566 videsis
1395 5504 1569 5576 praeoaeteris
1582 5503 1678 5578 Cangti
1690 5514 1796 5562 utrum·

140 5580 202 5639 lib..
215 5579 248 5634 de
276 5579 344 5637 Viris
364 5582 461 5637 illustr.
481 5596 541 5654 cap.
566 5583 578 5638 l
621 5624 629 5648 ,
650 5581 722 5638 inter
736 5581 810 5637 varia
829 5579 941 5639 Paciani
992 5595 1046 5655 que
1059 5582 1228 5639 Glossarium
1242 5580 1320 5637 uerh.
1332 5579 1497 5657 sagdodaolor
1511 5575 1672 5636 ctCeroaio.

141 5652 285 5779 opuscula,
306 5652 374 5717 illud
386 5653 474 5724 primo
489 5653 551 5710 loco
564 5662 699 5719 recenset,
717 5649 814 5709 Ceroua
825 5652 941 5721 inscrip·
1028 5663 1041 5694 ι
1057 5654 1099 5710 dl.
1115 5658 1273 5710 coarctetur.
1288 5648 1327 5706 lo.

141 5731 152 5781 t
173 5722 312 5795 mequod
335 5717 440 5796 iamdiu
460 5723 574 5784 ihte'rilt.
593 5722 706 5783 ludicri
723 5721 854 5783 nimirum
876 5737 938 5794 spe·
