3900 6134
159 189 230 248 todo
842 189 967 249 SANCTI
986 191 1123 248 PhClANi
1752 190 1828 250 {Ml

101 308 108 316 ”
156 303 221 372 bus,
236 311 265 359 ot
275 302 360 360 muita
375 302 542 362 laceratione
564 310 692 372 vexatus,
707 311 736 358 et
750 302 899 360 novissime
914 319 958 360 sa·
971 307 996 369 Α
1010 305 1056 376 qui
1070 318 1218 378 numquam
1233 305 1384 364 Ecclesiam
1394 308 1557 375 deseruerit,
1569 308 1618 381 qul
1632 306 1829 380 abepiscupia

157 398 242 455 lutari
252 398 339 455 calice
355 398 517 470 propinatus
530 407 583 455 cst.
594 397 651 454 lloc
662 397 711 453 luit
724 396 958 465 coronariQoare
1009 399 1154 470 episcopus
1167 399 1255 456 iactus
1266 401 1311 468 sit,
1323 401 1370 472 qni
1383 400 1446 471 iure
1457 400 1597 458 ordinario
1624 409 1827 469 consecratus,

154 491 730 563 sibihaheatNoratianusepistolassuas;
744 492 956 558 sihitonrorem,
1008 492 1053 561 qui
1082 501 1224 549 vacantem
1251 492 1409 551 cathedram
1424 495 1451 550 in
1475 495 1599 552 Ecclesia
1626 494 1830 553 consecutust

155 585 209 642 sihi
224 585 394 656 superbiam,
421 600 474 658 qua
499 587 563 642 dum
578 588 605 641 in
620 585 705 642 altum
731 585 846 652 levatur,
873 585 958 641 elisos
1008 581 1080 650 Quid
1093 583 1128 640 ad
1144 585 1189 641 tet
1202 584 1330 657 iuquics;
1350 586 1518 643 lloratiauns
1530 586 1585 644 hoc
1603 585 1714 644 docuit.
1728 588 1769 643 Et
1781 585 1828 644 rel

155 688 217 744 est;
239 677 305 734 dum
333 678 436 735 nemini
458 679 558 750 parcit,
585 677 698 734 ebosus.
726 677 766 734 En
797 677 844 749 qui
858 675 957 733 salutis
1009 676 1130 745 quande,
1144 677 1239 748 irater,
1260 680 1393 750 quibusve
1410 679 1603 752 temporibus?
1630 680 1739 738 Statim
1763 686 1827 752 poet

158 771 231 828 riam
246 769 379 828 iratribus
397 771 561 828 inexorabili
575 771 707 842 reliqionc
719 770 870 842 praeludat
884 770 891 823 l
915 769 956 826 Eu
1010 768 1116 828 Douriui
1132 771 1307 841 passionemt
1332 783 1394 845 post
1408 773 1482 830 Decii
1496 773 1696 845 principatum,
1723 772 1754 829 id
1769 781 1825 841 eat,

157 864 204 935 qui
218 880 250 922 sc
264 873 278 902 ⁸
292 864 383 937 palam
397 864 483 934 ierne,
495 875 524 921 et
538 879 632 920 aream
647 863 753 920 Domini
767 876 956 934 purgarecon·
1007 872 1071 933 post
1091 871 1229 920 trecentos
1254 879 1338 935 prope
1361 854 1448 922 annos
1472 863 1621 923 dominicas
1647 864 1819 938 passionis.

156 956 241 1014 ildatl
1008 952 1079 1023 Quid
1095 970 1162 1028 erqo
1173 956 1255 1014 tuuci
1267 957 1417 1028 Prophetas
1439 969 1550 1015 ueutus
1559 968 1603 1016 est
1616 968 1648 1015 ιιι
1659 956 1825 1032 Gataphry·

194 1050 262 1107 titt.
282 1049 413 1109 iliaercre
437 1050 488 1121 tui,
515 1050 717 1123 symproniane
739 1047 834 1116 irater,
863 1062 914 1104 nee
928 1056 957 1104 te
1007 1063 1064 1121 qes,
1076 1064 1110 1105 an
1122 1049 1137 1090 b
1151 1050 1338 1109 Philumenen
1353 1053 1483 1124 aliquam,
1499 1064 1529 1110 ut
1551 1054 1683 1126 hpeiles3
1702 1069 1742 1111 an
1760 1055 1823 1128 ipse

156 1144 325 1202 horatianos
337 1146 389 1201 sub
405 1143 457 1200 hac
485 1145 574 1200 ironte
589 1144 725 1214 decipiam
740 1151 768 1199 et
781 1142 843 1197 ideo
856 1139 957 1211 iustior
1008 1150 1112 1198 tontum
1137 1145 1313 1202 auctoritatis
1337 1147 1461 1218 aceepitl
1474 1147 1586 1218 Linquis
1614 1149 1732 1206 locutus
1754 1151 1820 1207 esti

157 1248 281 1311 putetur,
310 1239 373 1311 quia
402 1237 580 1310 reliquos-sui
595 1240 801 1307 comparatluuc
819 1234 954 1304 despexit.
1007 1232 1352 1307 ProphetauittSuscitare
1366 1247 1487 1295 mortuos
1500 1240 1607 1311 potuit?
1621 1240 1733 1298 ilerum
1744 1242 1819 1298 euim

156 1334 237 1405 eope
248 1332 373 1390 iiduciam
389 1333 520 1388 mentitur
541 1331 673 1397 arrdacia;
689 1339 718 1387 et
730 1328 882 1399 desperatis
896 1328 957 1400 qui·
1007 1329 1111 1397 aliquid
1137 1330 1237 1388 habere
1255 1331 1399 1400 debuerat,
1423 1342 1453 1388 ut
1467 1334 1642 1404 eranqeiium
1667 1335 1818 1406 norijuris

156 1428 261 1497 busque
272 1426 472 1499 peccatoribus,
488 1427 554 1481 laisa
570 1424 650 1482 bonae
677 1422 854 1480 conscientiae
868 1421 957 1491 imaqo
1007 1422 1159 1479 induceret.
1174 1424 1208 1479 Et
1219 1425 1241 1479 si
1252 1433 1348 1481 contra
1364 1425 1640 1497 clamrthpostoluse
1663 1425 1745 1483 Licet
1757 1445 1816 1497 sos,

157 1523 306 1580 blanditur.
319 1522 422 1579 Contra
447 1535 512 1577 rere
536 1520 625 1576 omnis
639 1518 779 1575 humilitas
801 1514 956 1571 innocentia
1007 1523 1053 1568 out
1065 1515 1173 1587 ouqeius
1187 1515 1220 1570 de
1233 1518 1297 1572 eoelc
1310 1518 1521 1590 mouqclisorerit
1538 1529 1721 1592 preterquam
1747 1521 1818 1592 quod

156 1620 303 1687 sanctiam
315 1618 362 1673 iila
375 1616 504 1682 debitrix,
521 1615 603 1672 etiam
631 1613 674 1669 illa
700 1612 849 1683 peccatrix,
872 1609 955 1664 etiam
1007 1608 1236 1680 esouqelizou'mos
1250 1611 1330 1676 euobis,
1344 1611 1481 1666 anathemo
1490 1614 1524 1667 rit
1536 1610 1612 1686 (dol.
1624 1629 1644 1680 r,
1654 1613 1700 1687 8).
1725 1613 1817 1672 Nora·

156 1715 205 1773 illa
216 1729 278 1786 quet
293 1713 411 1768 animam
439 1725 515 1766 suam
542 1724 603 1766 cum
631 1716 776 1780 peccatore
802 1703 952 1761 blanditur.
968 1703 992 1767 Β
1006 1701 1144 1758 tiauussie
1157 1702 1301 1771 intellexit,
1313 1705 1436 1775 inquies:
1450 1705 1699 1763 sedchrisrushoe
1709 1707 1814 1764 docuit

158 1805 224 1863 Dete
247 1823 299 1875 ute,
324 1804 412 1876 inquit
438 1803 546 1875 lloyses
559 1799 660 1874 (Esod.
688 1814 754 1866 nn,
770 1796 829 1867 52),
844 1797 877 1851 de
889 1795 955 1851 libro
1007 1793 1080 1864 Ergo
1093 1806 1109 1848 a
1123 1792 1225 1850 Christi
1238 1806 1249 1836 ⁶
1264 1810 1352 1867 usque
1366 1796 1443 1853 Decii
1455 1799 1638 1869 principatum
1654 1800 1756 1857 nullos
1774 1802 1817 1857 iu-

156 1915 234 1972 qsem
247 1898 375 1969 scripsisti
380 1913 391 1964 ,·
406 1911 440 1952 ne
452 1904 613 1966 peccatores
626 1892 757 1964 perirent.
786 1888 953 1958 Dptoeerom,
1007 1884 1130 1957 telliqens
1140 1886 1153 1940 l
1165 1886 1229 1942 Post
1241 1888 1352 1944 Decium
1366 1889 1484 1962 denique
1497 1892 1587 1948 ominis
1599 1893 1756 1965 episcopus
1767 1897 1816 1952 ian·

156 1993 250 2067 inquit
275 1993 433 2064 Apostolus,
458 1990 595 2047 anathemo
614 2005 668 2045 erse
685 1990 741 2058 ipse
753 2003 800 2059 eqo
812 1988 839 2041 iu
853 1983 955 2040 Christo
1007 1979 1131 2049 patiens;
1143 1994 1238 2035 omnes
1254 1980 1300 2036 alii
1312 1981 1435 2038 dissoluti
1448 1984 1494 2054 qui
1507 1998 1537 2040 sc
1548 1984 1668 2042 miscere
1697 1985 1816 2056 perditis

157 2103 205 2156 pro
218 2085 346 2159 [ratribus
359 2085 434 2153 mos,
450 2084 565 2156 coquentis
585 2080 724 2138 secundum
748 2076 953 2148 commolitum.

156 2193 194 2246 rx,
211 2177 250 2248 5).
265 2175 364 2249 Utique
378 2174 461 2231 ambo
474 2189 525 2245 pro
542 2173 729 2245 peccatoribus
751 2171 953 2241 deprecantur;

156 2280 185 2326 et
200 2279 314 2341 propter
324 2268 387 2333 hoc,
403 2267 489 2322 Deum
505 2280 556 2322 nee
570 2264 677 2337 lluyses
692 2279 742 2320 uec
754 2263 857 2320 Paulus
871 2260 956 2318 olien-

156 2364 206 2419 dit.
221 2363 390 2418 Nouatianus
410 2361 454 2416 bis
480 2357 596 2414 meliori
621 2355 788 2412 Emendator
807 2353 956 2424 Propheta-

156 2456 238 2514 rnmi
251 2455 349 2511 doctor
365 2451 581 2527 Apostolorum?
593 2450 653 2506 lam
667 2465 730 2505 eunt
744 2448 855 2505 Christo
874 2446 954 2502 ride·

155 2557 201 2606 tur
216 2557 245 2605 ut
260 2547 331 2604 idem
345 2546 472 2619 bloysesl
482 2543 542 2600 lain
561 2551 591 2599 ut
611 2542 711 2598 Paulus
725 2541 752 2596 in
767 2542 875 2596 tertium
897 2553 955 2596 coe·

155 2639 213 2697 lum
228 2638 355 2696 sublimis
365 2633 577 2694 euehiturilam
588 2634 718 2705 neqlectis
738 2631 865 2688 omnibus
879 2630 953 2686 solus

154 2731 284 2789 audituri
294 2731 358 2789 liae
372 2731 406 2787 ad
421 2730 529 2786 litteras
540 2737 600 2783 tuas
614 2725 790 2796 respondisse
802 2721 952 2779 suffecerit.

155 2829 209 2885 Sed
221 2828 284 2899 quia
298 2827 333 2882 de
348 2825 507 2897 poenitentia
519 2838 572 2880 non
587 2821 703 2893 agenda,
720 2820 764 2876 rel
777 2827 840 2875 ante
851 2819 954 2891 baptis-

1007 2074 1129 2141 mallent,
1144 2076 1190 2146 qui
1205 2079 1294 2147 perire
1305 2092 1367 2132 cum
1384 2077 1503 2144 miseris,
1521 2079 1568 2150 qui
1585 2079 1682 2136 alieno
1699 2081 1814 2139 vulnere

1006 2169 1166 2226 vulnerari?
1188 2169 1343 2226 Noratlanu
1372 2171 1491 2240 uindice,
1514 2172 1625 2242 justitia
1662 2173 1813 2239 liberatum

1005 2270 1128 2327 auctore,
1141 2263 1290 2335 corripitur
1303 2264 1434 2336 quidquid
1447 2264 1558 2320 errarit.

1041 2352 1073 2409 ll.
1094 2352 1163 2425 hqc,
1181 2354 1300 2427 inquies,
1328 2364 1467 2412 certemus
1489 2355 1630 2428 exemplis
1652 2364 1683 2413 et
1705 2357 1812 2416 ratione

1006 2460 1167 2518 pugnemus.
1184 2446 1219 2505 ht
1230 2462 1281 2519 cqc
1292 2446 1345 2504 hnc
1357 2463 1443 2519 usque
1454 2463 1566 2505 mcurus
1584 2449 1665 2521 :ipsa
1683 2449 1811 2507 Ecclesia

1006 2539 1085 2610 ierie,
1096 2542 1315 2612 congregationis
1329 2542 1449 2614 antiquae
1461 2557 1531 2616 pace
1543 2549 1699 2601 contentus
1714 2562 1721 2598 :
1737 2543 1808 2600 nulla

1004 2631 1150 2688 discordia·
1160 2632 1354 2703 studiadidici,
1365 2635 1633 2693 nullaoertaminum
1646 2647 1806 2710 argumenta

1005 2724 1129 2795 quaesivi.
1145 2725 1185 2781 l'u
1199 2736 1343 2798 postquam
1358 2744 1373 2782 a
1388 2730 1494 2800 reliquo
1505 2744 1627 2801 corpore
1647 2740 1806 2802 segregatos

1004 2825 1073 2873 eset
1086 2833 1100 2872 a
1114 2819 1330 2886 matredivisus;
1345 2831 1375 2877 ut
1387 2823 1521 2879 rationem
1531 2821 1598 2880 laeti
1615 2823 1655 2880 tui
1666 2824 1805 2894 redderer,

155 2936 228 2977 muru
253 2918 358 2991 agenda
370 2919 451 2975 latius
470 2917 633 2989 disputasti;
663 2915 810 2985 inuitisque
824 2912 953 2984 capitulis
1005 2919 1076 2966 totos
1091 2910 1225 2967 libroruin
1237 2927 1363 2970 recessus
1376 2914 1504 2971 assiduus
1515 2925 1660 2973 scrutator
1674 2916 1805 2989 inquiris:

74 3076 81 3089 ¹
153 3013 360 3083 exemplorum,
387 3018 519 3066 tractatus
545 3009 631 3081 ipsius
655 3007 779 3079 paqinam
801 3004 950 3072 refersisti,
1003 3005 1107 3061 occulta
1122 3020 1236 3077 queque
1249 3009 1380 3065 sollicitas
1393 3026 1400 3064 ι
1414 3008 1544 3082 quidquid
1563 3011 1668 3069 exinde
1680 3026 1806 3069 secumm

153 3106 329 3177 respondebo
343 3104 377 3162 ad
390 3103 495 3176 sinqnla
509 3118 542 3159 er
557 3100 705 3158 abundanti
722 3116 729 3154 :
744 3114 804 3171 quae
823 3098 890 3155 iides
904 3113 951 3155 te·
965 3095 987 3158 C
1003 3107 1056 3167 est,
1067 3099 1213 3170 inquietas.
1224 3099 1315 3157 Nostri
1327 3102 1395 3158 nibil
1406 3103 1478 3159 ultro
1489 3103 1666 3176 disputavere
1676 3104 1804 3175 majores:

153 3201 210 3259 rior
222 3201 332 3269 babeat,
347 3215 401 3257 uon
418 3198 524 3255 tacebo.
538 3195 589 3260 Tu,
605 3206 635 3251 ut
650 3193 752 3251 auditui
780 3200 875 3250 nostro
898 3194 950 3248 lar·
1003 3193 1076 3249 nuda
1087 3201 1130 3249 est
1141 3193 1211 3266 apud
1227 3210 1277 3251 nos
1300 3195 1357 3265 ipsa
1372 3198 1505 3253 securitas
1520 3214 1527 3251 :
1543 3196 1608 3269 qnid
1632 3198 1760 3254 attuleris
1772 3197 1806 3253 de

152 3294 224 3367 qiter
233 3292 509 3365 imperarediqnatus
531 3304 572 3357 es,
589 3289 733 3358 benignam
746 3301 840 3342 rursus
863 3285 949 3342 tieem
1003 3295 1047 3341 tua
1060 3293 1140 3355 parte
1153 3287 1305 3343 munitum!
1317 3288 1373 3360 qu
1386 3288 1729 3360 nescioquldliorationus
1739 3304 1806 3361 cqc·

151 3387 275 3460 praebeto
300 3387 437 3442 tractatui.
459 3381 602 3439 Prmstabit
625 3381 740 3436 iortusse
755 3379 895 3445 Dominus,
920 3382 952 3431 ut
981 3430 985 3435 ,
1002 3379 1048 3446 rit,
1063 3379 1129 3451 quiri
1144 3379 1264 3436 Novatus
1275 3380 1429 3450 admiserit,
1443 3383 1507 3454 quid
1534 3382 1675 3439 Eraristus
1688 3392 1804 3440 tumne·

155 3482 203 3553 qui
230 3497 281 3537 nos
309 3479 356 3536 tibi
372 3478 509 3550 patienter
525 3473 687 3544 obtulimus,
700 3472 816 3529 lructum
831 3471 949 3542 aliquem
1001 3469 1048 3535 rit,
1064 3469 1128 3542 quid
1142 3469 1312 3530 Nicostratus
1326 3473 1492 3531 nuntiaverit
1505 3490 1600 3530 :arma
1625 3483 1716 3531 restra
1737 3474 1803 3531 dum

152 3574 188 3630 dc
217 3581 262 3628 toa
290 3573 373 3628 etiam
389 3570 519 3642 patientia
540 3575 719 3639 reportemus.
734 3565 866 3620 Dominus
880 3573 907 3618 te
921 3562 949 3617 in
1001 3563 1133 3635 despicio,
1149 3578 1202 3620 non
1212 3564 1296 3631 nori;
1310 3565 1373 3622 tide
1385 3567 1409 3622 si
1423 3579 1484 3622 cum
1496 3565 1597 3623 inermi
1608 3568 1723 3624 veritate
1734 3579 1804 3622 con·

156 3679 290 3724 aeternum
314 3664 455 3723 custodire
466 3672 494 3722 et
503 3671 648 3735 protegere
673 3660 809 3732 dignetur,
830 3668 857 3714 et
870 3655 950 3713 Chri·
1000 3653 1083 3727 digis.
1098 3654 1296 3728 Exspectemos
1310 3666 1402 3713 tanren
1414 3658 1478 3729 quid
1488 3658 1617 3729 objicias,
1630 3659 1694 3731 quid
1707 3660 1805 3731 loqua-

155 3762 274 3819 stianum
290 3771 373 3833 atque
386 3758 556 3817 catholicum
571 3756 666 3813 rivere
688 3753 780 3822 iaciat,
795 3760 948 3808 etconcor·
1000 3746 1048 3803 ris.
1061 3745 1207 3804 Poteratne
1232 3750 1274 3805 nel
1285 3749 1355 3805 nuda
1366 3750 1476 3816 veritas,
1496 3749 1695 3807 innocentiave
1719 3749 1805 3822 impe-

154 3861 221 3916 ἀπ,
234 3857 387 3915 nobiseum,
404 3856 503 3913 Amen,
999 3838 1051 3893 rita
1060 3838 1209 3896 subsistere
1219 3841 1231 3895 l
1241 3840 1383 3912 Proponis,
1393 3851 1421 3897 et
1432 3849 1505 3899 reete
1518 3840 1642 3913 quidem,
1650 3839 1803 3899 Ecclesiam

425 3944 593 4005 qusq0qp
617 3944 659 4001 qp,
1000 3945 1062 3987 esse
1075 3933 1206 4002 poputum
1223 3947 1256 3989 ex
1271 3948 1340 4004 aqua
1352 3943 1380 3991 et
1391 3933 1493 4005 Spiritu
1511 3945 1610 3992 sancto
1625 3944 1801 4000 renovatum,

327 4042 554 4098 Controtru'etotos
579 4036 795 4093 Noootiouorum.
1000 4025 1060 4082 sine
1075 4028 1219 4097 negatione
1242 4030 1361 4085 nominis
1374 4029 1486 4098 Christi,
1502 4030 1638 4102 templum
1650 4041 1681 4087 et
1693 4032 1802 4087 domurn

185 4131 320 4188 Dasianus
329 4132 475 4200 episeopus
487 4129 692 4200 symproniano
703 4125 780 4181 iratri
791 4125 918 4182 salutern.
1001 4118 1059 4186 Dei,
1084 4120 1229 4176 cotoneum
1243 4132 1266 4176 rt
1278 4122 1481 4178 rtohilimentum
1504 4124 1621 4178 vementis
1636 4123 1662 4196 (l
1675 4123 1748 4181 Eira.
1761 4140 1801 4193 ιιι,

183 4223 204 4279 Ι.
225 4222 369 4279 Tractatus
396 4219 486 4278 omnis
507 4218 721 4274 Norntiauorum
749 4233 829 4289 qoem
850 4217 947 4275 adme
1000 4213 1057 4285 ¹5),
1072 4215 1206 4288 virqiuem
1216 4227 1339 4274 sanctam
1350 4217 1513 4274 castissimis
1522 4219 1663 4285 sensibus,
1674 4233 1801 4290 sponsam

144 4316 279 4376 conlertis
293 4315 414 4385 undique
440 4310 675 4385 propositionibus
697 4309 853 4375 destinasti,
869 4308 949 4382 Sym·
998 4305 1101 4365 Cbristi
1114 4325 1146 4364 er
1161 4311 1260 4367 ossibus
1284 4315 1341 4385 ejas
1354 4320 1379 4367 et
1393 4327 1470 4367 corne
1484 4310 1597 4384 (Epire.
1622 4329 1651 4381 r,
1666 4314 1728 4385 ³⁰),
1753 4329 1802 4369 nor

144 4414 276 4486 prouiune
286 4411 379 4472 irater.
394 4407 447 4464 boe
459 4405 583 4463 continet
596 4422 602 4459 :
617 4403 695 4473 Quod
710 4412 770 4475 post
782 4403 946 4474 baptismum
999 4400 1132 4457 nolentem
1146 4405 1274 4459 macutum
1289 4420 1371 4475 neque
1396 4420 1488 4476 ruqoor
1504 4402 1602 4476 (ibid,
1612 4403 1674 4475 at),
1699 4407 1800 4478 inteqra

145 4507 281 4578 poenitere
296 4519 351 4561 uon
368 4501 469 4568 liceat;
485 4499 556 4572 quod
572 4497 689 4554 mortale
698 4504 838 4567 peceatum
850 4495 946 4552 Eccle-
960 4487 987 4547 D
999 4494 1203 4565 evangeliorum
1213 4495 1274 4567 jura
1288 4505 1457 4553 servantem.
1472 4495 1539 4566 Quis
1549 4496 1603 4554 hoc
1614 4508 1743 4556 nostrum
1756 4513 1801 4554 ne·

145 4599 187 4655 sia
200 4599 304 4653 donare
318 4610 371 4651 non
386 4592 485 4666 possit,
501 4593 586 4648 immo
597 4590 669 4661 quod
688 4590 746 4660 ipsa
767 4598 863 4660 pereat
876 4589 946 4644 reci·
996 4588 1243 4660 qatistuinctianr
1266 4590 1404 4658 addimus,
1433 4592 1585 4649 Ecclesiam
1600 4595 1800 4664 esserrqinant

147 4689 248 4763 piendo
263 4694 420 4758 peccantes.
432 4685 587 4741 Praeclarus
610 4683 708 4749 honos,
735 4683 883 4754 singularis
897 4696 946 4737 au·
997 4682 1023 4736 r'u
1050 4693 1118 4738 ueste
1139 4692 1231 4739 eurota
1244 4692 1269 4739 et
1284 4685 1415 4757 unricqoto
1430 4682 1518 4755 (Paul.
1543 4700 1620 4751 acro,
1636 4685 1696 4757 ld).
1715 4689 1800 4759 [emr-

147 4787 272 4850 ctoritas,
285 4796 381 4852 ruaqna
394 4779 564 4843 constantim
579 4779 693 4848 relicere
704 4786 847 4844 nocentes,
872 4784 944 4832 atta·
995 4773 1056 4828 doru
1067 4780 1142 4830 uitem
1155 4776 1182 4831 iu
1197 4774 1319 4831 lateribus
1332 4779 1422 4831 domus
1433 4775 1633 4849 Douriol(l’aol.
1645 4779 1798 4851 exstitiit

146 4890 208 4940 otus
241 4874 411 4950 peccantium
452 4871 567 4944 lugere,
595 4871 757 4927 innocentiae
794 4885 852 4927 suec
873 4869 944 4925 male
995 4865 1108 4923 blatrem
1131 4869 1388 4931 adolescentulorum,
1413 4884 1522 4942 quomam
1548 4886 1599 4925 nou
1625 4879 1800 4927 cetetonem

145 4971 294 5032 conlidere.
317 4967 384 5036 Quis
409 4965 462 5024 hoo
486 4964 624 5029 vindicat,
645 4961 742 5030 irater,
767 4963 885 5036 lloyscs,
909 4977 942 5017 on
997 4960 1074 5016 cht.
1090 4976 1129 5028 ur,
1145 4962 1172 5029 7)
1184 4977 1194 5027 ,·
1210 4959 1449 5029 Duomoprciosom
1474 4961 1617 5017 coloniam
1629 4964 1797 5029 mutrisaaae,

146 5064 257 5130 Paulus,
282 5077 316 5116 au
341 5056 487 5115 Christus?
508 5059 543 5113 nt
567 5054 672 5128 hioyses
683 5055 769 5111 deleri
784 5054 880 5111 clibro
894 5069 943 5123 pro
998 5062 1074 5126 atque
1096 5054 1342 5127 perfectorusshid,
1368 5055 1658 5126 chrononensem
1684 5066 1798 5112 ntatrem

145 5153 414 5229 blasphematoribus
424 5159 501 5221 optat
515 5148 614 5223 (Esod.
628 5163 715 5214 ιιιιι,
724 5149 770 5218 32)
786 5159 832 5202 :ct
843 5145 943 5201 Paulus
997 5148 1154 5218 mdipicotom
1169 5151 1195 5204 in
1206 5150 1380 5220 [oodomerrtis
1395 5149 1586 5222 Proplrctortmt
1613 5160 1639 5204 et
1659 5149 1799 5223 Apostolo-

145 5250 284 5307 onotheruo
295 5262 349 5303 esse
361 5261 409 5320 pro
421 5241 544 5315 frutribus
556 5240 646 5314 (Rom.
662 5256 700 5307 rx,
711 5241 751 5311 ὅ),
765 5249 792 5296 ct
809 5242 866 5311 ipse
891 5238 944 5294 Do·
996 5261 1064 5306 ram.
1077 5245 1170 5316 etipse
1194 5243 1314 5318 cuqulori
1338 5244 1426 5317 lapide
1437 5243 1504 5300 ierat
1517 5242 1623 5299 Christo
1637 5242 1753 5316 (Epicu.
1766 5258 1798 5309 tt,

145 5335 611 5411 nriuusproinjustispatimarult.
640 5330 736 5387 Nullos
764 5331 872 5399 horum,
901 5333 944 5389 in·
993 5337 1190 5407 EdlzDourum
1202 5353 1327 5410 magnam
1344 5352 1471 5394 rasorum
1497 5337 1799 5395 omniumdrversitate

144 5439 234 5511 quies.
246 5433 313 5504 pots
327 5446 393 5503 erqo
405 5430 418 5484 i
443 5430 609 5486 donatianus
623 5426 675 5482 lmc
689 5425 828 5498 pracepit.
846 5426 943 5484 imma·
994 5429 1199 5497 locupletatam.

143 5533 250 5589 colatur
263 5526 362 5598 aliquis
375 5535 403 5582 ct
414 5537 509 5596 purus,
525 5523 570 5594 qui
581 5520 715 5577 Nouatum
731 5536 784 5576 non
809 5520 939 5578 audierit.
1029 5521 1073 5581 ΙΙΙ.
1096 5524 1150 5582 Sed
1163 5526 1222 5583 baec
1236 5534 1329 5582 nostra
1344 5526 1495 5596 posterius;
1510 5524 1619 5582 interim
1637 5534 1684 5581 tun
1698 5523 1745 5583 ilia
1757 5522 1797 5581 ri·

179 5660 191 5687 ¹
213 5648 308 5703 Polmo
322 5645 399 5714 [erre.
414 5640 469 5710 hh,
485 5638 587 5712 polenus
597 5642 700 5712 anferre
717 5655 724 5695 τ
739 5639 830 5696 minus
852 5650 937 5709 recle,

139 5720 247 5784 Latinio
259 5717 360 5790 judice.

1029 5639 1044 5680 b
1066 5641 1253 5701 Philomerreut.
1270 5644 1333 5715 heq.
1350 5643 1543 5699 Philumenam.
1558 5642 1611 5699 Tit.

1023 5713 1035 5744 ⁰
1058 5714 1080 5770 Α
1093 5717 1200 5773 Christi.
1218 5715 1349 5786 Subaudl,
1362 5716 1485 5771 αάιιιιιιι.
1496 5713 1535 5772 ld.
