3900 6134
202 251 258 313 359
847 239 971 300 SANCTI
989 239 1120 301 usbnsl
1138 239 1242 299 PAPAE
1803 246 1857 304 560

203 388 209 401 ·
239 361 283 419 lll.
304 357 571 417 anathematisamus
598 354 708 424 Arium,
732 361 814 425 atque
829 352 1042 423 Eunonium,A
1091 352 1146 410 llll.
1167 336 1436 410 anathematisamus
1449 365 1513 421 eos,
1529 352 1575 424 qui
1592 365 1642 424 pro
1657 353 1772 415 hominis
1795 361 1856 417 ania

202 456 248 528 qui
270 454 328 526 pari
354 452 513 522 impietate,
540 450 605 506 licet
638 463 765 506 sermone
802 447 927 505 dissimili
957 448 1003 503 Ei·
1055 463 1098 505 mn
1121 447 1256 514 rationaii,
1276 456 1304 505 et
1325 445 1485 519 intelligibili
1500 443 1645 516 ‹¹‚cicum
1670 449 1715 506 bei
1735 450 1852 511 tensum

202 549 268 607 lium
296 556 323 604 ct
353 546 485 620 Spiritum
507 554 630 603 sanctum
657 552 783 602 asserunt
806 558 869 602 esse
892 555 1001 600 creatu·
1055 543 1083 600 in
1099 541 1216 598 humana
1231 553 1478 609 camerersatum,
1495 543 1629 613 cumipse
1645 542 1853 604 iiliussitller-

201 657 258 700 ras.
737 678 740 684 -
1054 634 1118 692 bum
1133 634 1197 703 liei,
1214 643 1242 690 et
1253 648 1307 689 non
1321 648 1372 705 pro
1384 632 1474 689 antina
1489 633 1615 691 rationali
1628 677 1636 703 ,
1651 641 1680 693 et
1693 634 1852 708 intelligibili

235 735 282 793 tt.
303 733 571 792 inathematizamus
598 729 807 789 Macedonianos
833 738 867 795 ²,
896 729 943 802 qui
968 728 1004 786 de
1055 726 1082 782 ln
1100 742 1150 782 suo
1168 741 1285 797 corpore
1305 725 1406 794 luerit,
1423 725 1471 783 sed
1489 736 1631 794 nostram,
1648 727 1676 784 id
1694 737 1739 786 cst
1759 704 1854 786 intelli·

199 829 257 889 snt
279 828 364 900 stirpe
376 827 517 885 uenientes
539 839 593 882 nott
608 822 753 897 ‘perlldiam
768 831 929 891 mutavere,
954 820 1003 878 sed
1055 818 1165 891 'gibilem
1186 820 1245 876 sine
1260 828 1372 891 peccato
1385 818 1503 875 animam
1518 821 1689 893 susceperit,
1705 831 1788 897 atque
1802 824 1854 881 sal·

203 938 317 982 nomen.
1056 913 1171 968 raverit.

237 1016 270 1072 li.
291 1012 560 1073 inathematieantus
574 1009 735 1078 Photinum,
751 1007 796 1078 nul
810 1007 940 1065 Hebionis
951 1006 1004 1064 ha·
1091 1004 1162 1063 lllll.
1184 1004 1451 1062 inathematizamus
1474 1020 1542 1077 eos,
1565 1007 1609 1078 qui
1625 1007 1743 1066 Verbum
1758 1009 1857 1069 Filium

201 1112 284 1170 rosim
300 1111 449 1167 instaurans
461 1106 494 1176 b,
509 1105 654 1162 bominum
674 1102 767 1161 lesum
781 1101 919 1160 Christum
942 1112 1002 1158 tan·
1054 1099 1102 1157 liei
1116 1099 1296 1167 extensione,
1317 1109 1364 1156 aut
1376 1099 1554 1168 collectione,
1570 1109 1598 1157 et
1617 1117 1631 1155 a
1647 1100 1725 1158 Patre
1744 1118 1859 1177 separa-

202 1216 257 1265 tutn
271 1223 306 1266 ex
322 1205 404 1263 ilaris
418 1202 576 1269 confitetur,
681 1194 683 1198 ’
1056 1202 1112 1250 tunt
1126 1234 1134 1262 ,
1148 1192 1398 1262 insubstantivum,
1412 1202 1440 1249 et
1452 1191 1535 1249 linem
1548 1192 1703 1251 habiturum
1716 1211 1776 1254 esse
1787 1212 1856 1255 con·

237 1299 284 1357 vt.
306 1296 577 1357 Atratltematisamus
589 1308 659 1361 eos,
681 1291 727 1363 qui
747 1289 815 1347 duos
828 1288 936 1346 Filiosc
960 1302 1005 1344 as·
1054 1288 1178 1346 tendunt.

202 1399 307 1461 serunt,
321 1406 405 1449 unum
419 1398 483 1446 ante
502 1386 613 1454 saecula,
627 1395 656 1443 et
677 1384 792 1441 alterum
807 1390 869 1454 post
881 1396 1004 1453 assump-
1091 1381 1138 1439 lll.
1160 1382 1214 1439 Eos
1238 1396 1365 1454 qnoque,
1382 1381 1427 1453 qni
1448 1379 1482 1438 de
1505 1379 1638 1439 Ecclesiis
1663 1382 1697 1439 ad
1723 1383 1858 1443 Ecclesias

201 1489 304 1546 tionem
317 1483 454 1544 carabes
470 1482 588 1554 Virgine.
1056 1473 1240 1546 migraverunt
1258 1482 1269 1511 ⁰
1292 1472 1425 1530 tamdiua
1446 1473 1638 1531 communione
1661 1486 1752 1533 nostra
1775 1476 1857 1535 babe-

201 1635 263 1694 diee
286 1646 422 1691 canonum
445 1625 637 1697 Quesnelliano
662 1623 788 1696 legimus,
816 1637 878 1688 cap.
901 1621 947 1690 58,
971 1635 1003 1678 ae
1054 1618 1166 1688 Deo,et
1181 1620 1275 1681 Patre.
1295 1622 1406 1677 al'erttnt
1421 1639 1454 1680 es
1469 1623 1571 1692 lintre,
1587 1637 1735 1682 sanassent
1754 1644 1856 1700 anum,

202 1705 350 1778 Gregorius
372 1703 435 1769 ille,
450 1700 528 1771 cujus
542 1707 584 1753 est
603 1696 678 1752 Orat.
695 1695 730 1752 ta
754 1696 824 1750 inter
838 1692 1002 1748 Naziastzcni
1015 1733 1040 1796 B
1053 1704 1129 1760 atque
1138 1693 1255 1748 eumdem
1267 1694 1408 1757 indstcetit,
1420 1696 1441 1749 is
1453 1695 1485 1750 ab
1497 1713 1527 1752 ea
1536 1714 1637 1769 quaque
1647 1700 1761 1768 liborum
1773 1703 1859 1773 adop-

202 1779 300 1851 0pera.
315 1776 430 1832 Obeattt
445 1785 554 1842 quotane
572 1781 682 1824 causant
699 1765 840 1821 Paulinum
854 1764 1001 1821 Atrtioche·
1055 1766 1123 1819 tione
1154 1765 1275 1832 accidat,
1297 1782 1354 1837 quse
1377 1776 1445 1822 recte
1466 1769 1627 1824 credentibus
1663 1773 1790 1843 promissa
1809 1784 1857 1828 est.

202 1865 286 1914 nom,
303 1847 414 1930 citusque
427 1843 563 1906 asseclas,
578 1855 610 1896 ac
623 1852 718 1893 omnes
732 1851 801 1907 peno
812 1836 1003 1892 ventositates
1054 1834 1088 1891 Et
1103 1851 1197 1891 rursus
1208 1836 1235 1891 in
1250 1839 1368 1892 secunda
1384 1839 1417 1891 ad
1433 1839 1559 1896 euntdem
1571 1839 1707 1896 cledon:
1724 1843 1780 1898 iloc
1792 1861 1859 1916 guo-

202 1921 239 1978 ob
257 1920 426 1977 reticcnnam
448 1915 527 1970 trium
553 1910 736 1983 hypostaseon
751 1907 840 1979 evulgo
864 1907 1003 1962 traductos
1053 1922 1101 1977 gae
1115 1907 1231 1963 omnibus
1251 1908 1283 1963 de
1301 1908 1374 1963 noim
1395 1910 1511 1980 offirma,
1533 1929 1580 1966 suos
1600 1913 1648 1968 liei
1670 1913 1790 1978 intutu,
1814 1917 1860 1987 gui

203 1992 287 2049 inisse
307 1996 424 2046 cotistat.
441 1986 515 2041 llaue
535 1984 615 2054 igitur
637 1981 800 2036 calumniam
818 1979 869 2033 luae
882 1978 1003 2051 protnul·
1053 1993 1085 2031 ee
1098 1977 1178 2033 Patre
1192 1980 1320 2048 prt'ttttsm,
1337 1997 1367 2033 ac
1381 1981 1474 2035 deiude
1487 1999 1518 2037 ea
1536 1993 1627 2039 sancta
1646 1984 1734 2041 ilatio
1753 1984 1860 2056 Virgine

202 2073 265 2137 gato
288 2061 462 2118 anathemate
483 2058 611 2111 Damasus
638 2054 706 2107 lorte
737 2050 905 2106 destructum
932 2049 1001 2116 itit,
1053 2050 1154 2120 genitus
1175 2058 1229 2116 ast,
1246 2051 1273 2104 itt
1293 2067 1371 2105 tanum
1387 2057 1515 2125 jungere,
1536 2071 1582 2108 nee
1606 2056 1671 2110 duas
1691 2057 1761 2126 filios
1774 2059 1857 2113 nastri-

201 2150 263 2208 quae
277 2133 358 2190 etiam
379 2127 529 2193 trutinatio,
543 2139 593 2182 cur
606 2123 779 2183 Athanasius,
801 2122 901 2192 aliique
918 2120 1003 2176 hieu-
1053 2134 1130 2186 aare,
1148 2121 1194 2175 sed
1215 2137 1309 2186 annot,
1327 2132 1349 2175 et
1363 2127 1479 2177 eamdem
1493 2125 1521 2178 ist
1536 2127 1658 2181 invisibili
1671 2125 1775 2184 Deitate
1792 2129 1858 2184 ado-

202 2205 324 2262 andrinse
345 2199 441 2272 syrandi
461 2199 557 2254 Patres
583 2193 773 2259 decreverint,
791 2203 821 2246 at
841 2193 1004 2248 anathemate
1053 2207 1130 2257 rare,
1152 2199 1205 2247 ete.
1227 2191 1302 2247 llanc
1324 2194 1406 2249 etiam
1428 2194 1463 2250 ah
1482 2193 1603 2253 Ecclesia
1626 2200 1760 2256 catholica
1786 2200 1857 2255 inio-

202 2277 347 2331 inureretur
366 2269 475 2328 sabellii
495 2266 625 2323 stoliditas
638 2264 762 2336 :quodsi
783 2265 819 2320 ita
832 2265 899 2334 fiat,
920 2263 1003 2318 omnis
1053 2263 1136 2316 miatts
1156 2264 1312 2331 repeliunt,
1333 2266 1516 2328 htltanasius,
1539 2267 1726 2339 Epiphanius,
1741 2273 1860 2327 Ambro-

91 2393 95 2399 .
203 2347 274 2419 apud
285 2360 373 2401 amites
386 2339 493 2397 cessabit
508 2337 631 2407 ampitio.
668 2390 670 2393 ,
1052 2332 1130 2401 sius,
1155 2335 1301 2404 caeterique
1329 2351 1422 2391 eorum
1449 2345 1599 2407 temporum
1625 2340 1748 2397 Patres:
1775 2352 1860 2413 atquae

241 2427 255 2456 ³
269 2417 339 2474 hune
361 2427 461 2470 snnttm
477 2410 548 2475 580.
565 2423 619 2479 quo
641 2407 699 2462 baec
717 2404 869 2475 dogmatica
885 2405 1004 2474 promul·
1053 2402 1117 2459 binc
1133 2404 1326 2477 intelligimus,
1341 2418 1442 2478 qissruto
1466 2411 1556 2463 studio
1570 2411 1677 2483 vttlgata
1697 2413 1742 2469 illa
1757 2429 1791 2469 ac
1815 2431 1861 2472 rc·

203 2496 340 2563 gataest,
364 2482 722 2540 Macedoniunoramnomen
741 2491 865 2547 nuspiam
885 2491 1000 2548 usurpa·
1053 2487 1161 2532 cantata
1199 2478 1233 2530 ab
1260 2477 1472 2546 hpolllttarianis
1496 2479 1594 2538 iuerat.
1625 2485 1666 2539 sib
1689 2486 1859 2553 Apollinario

204 2572 262 2618 tum
277 2562 373 2632 legas:
395 2555 431 2610 illi
453 2553 586 2625 siquidem
610 2549 729 2606 nondum
745 2549 779 2604 ab
804 2548 944 2613 Ecclesia,
969 2548 1002 2604 ad
1053 2547 1217 2602 calumniam
1232 2563 1294 2603 cnm
1316 2549 1413 2605 baetesi
1434 2555 1557 2621 accepit,
1578 2562 1660 2624 atnoe
1681 2556 1778 2612 iterium
1796 2572 1861 2627 pro-

203 2647 285 2704 quam
305 2630 356 2687 sub
376 2627 486 2683 liberio
499 2623 613 2680 rediisse
627 2620 676 2676 visi
696 2629 777 2685 sunt,
794 2629 889 2683 aperto
909 2633 1003 2675 rursus
1053 2617 1131 2673 duxit
1151 2620 1282 2674 aduersus
1295 2620 1607 2694 catholicosllutycbes,
1626 2628 1729 2683 delirus
1751 2643 1858 2698 senex,

204 2704 350 2762 schismate
364 2703 551 2760 recesserant,
566 2708 616 2751 nee
629 2691 772 2748 concilium
787 2689 925 2746 Nicaenum
941 2706 1001 2745 rur·
1053 2696 1082 2744 et
1094 2691 1138 2760 qui
1154 2690 1188 2745 ab
1205 2690 1253 2746 illo
1273 2691 1400 2760 deinceps
1421 2693 1472 2747 orn
1488 2707 1551 2750 siant
1570 2697 1781 2770 lliiimpbysitn,
1800 2698 1859 2754 blo-

205 2792 254 2832 sus
269 2773 496 2842 repudiaverant,
511 2766 583 2838 qrtod
599 2779 671 2820 antro
685 2763 817 2818 duntaxat
836 2762 889 2817 stu
901 2760 1001 2817 iactum
1054 2763 1212 2828 nothelitas,
1235 2777 1265 2817 ac
1281 2762 1304 2816 si
1320 2763 1380 2831 ipsuis
1394 2764 1464 2818 alius
1485 2781 1518 2820 es
1533 2767 1666 2824 virulenta
1683 2769 1774 2827 radice
1794 2788 1859 2827 sur·

204 2846 289 2905 inisse
303 2844 358 2900 diri
370 2857 430 2911 cap.
444 2838 488 2895 ts.
503 2838 536 2893 lii
556 2852 620 2893 tero
642 2835 757 2904 duplicis
777 2842 856 2889 erant
873 2833 1001 2903 generis:
1054 2831 1131 2886 casius
1146 2830 1238 2887 iniecit
1259 2832 1419 2888 Ecclesiam.
1435 2835 1617 2904 Quamobrem
1640 2841 1791 2898 biarcianns
1808 2846 1860 2897 int·

203 2919 250 2974 alii
273 2917 345 2974 enim
365 2923 440 2970 recte
458 2910 493 2967 de
511 2908 580 2964 Filio
598 2907 769 2967 sentiebant,
783 2918 867 2975 prate
885 2919 949 2960 vero
969 2903 1003 2960 de
1055 2916 1175 2972 perator,
1190 2904 1313 2958 scribens
1326 2905 1359 2961 ad
1374 2910 1522 2963 mottsrclms
1536 2912 1733 2967 Alexandrinos
1747 2915 1860 2983 propte.

205 2991 307 3060 spjgjm
320 2994 429 3050 sancitu
442 2983 486 3037 aiii
503 2994 567 3036 sero
575 2989 717 3046 utramque
729 2975 858 3030 hiltinum
876 2974 1001 3030 hieresim
1055 2981 1099 3027 ittr
1119 2970 1181 3030 sisai
1195 2996 1222 3031 rs
1245 2977 1306 3031 Θεὸν
1325 2979 1368 3033 mi
1387 2974 1519 3056 ἄνθρωπον
1538 2982 1634 3045 ἀληθῶς
1647 2985 1689 3040 τὸν
1713 2986 1803 3056 αὐτὸν,
1814 2989 1859 3044 οὐκ

207 3060 411 3133 profitebuntur.
435 3051 603 3110 Prmletint’es
624 3049 705 3120 igilur
721 3046 850 3102 baudastis
871 3045 922 3101 hoc
944 3048 1002 3101 idco
1055 3040 1275 3112 ἅλλονκαίἅλ).ον,
1288 3050 1678 3122 μήγὲνοιτο,ἀλλ’ἔνακαὶτὸν
1688 3057 1775 3113 αὐτὸν.
1793 3061 1860 3122 Τοὺς

207 3131 338 3204 respicit,
358 3141 427 3199 qttos
451 3124 511 3179 ideo
532 3123 564 3176 ab
587 3119 685 3175 Ariana
703 3118 783 3190 stirpe
804 3118 949 3184 uenientes,
974 3126 1001 3172 ut
1016 3114 1039 3178 C
1054 3113 1081 3170 tt
1100 3117 1246 3189 ligosreri
1267 3119 1384 3181 εἰπόντας
1406 3120 1452 3176 δύο
1471 3123 1546 3186 niobe
1560 3126 1576 3184 ἦ
1591 3124 1637 3180 δύο
1657 3149 1677 3183 π
1696 3128 1799 3191 demna,
1816 3133 1860 3186 καὶ

205 3205 288 3262 etiam
305 3197 472 3283 Epiphanius
488 3204 576 3258 noceat,
593 3203 620 3248 et
643 3203 754 3257 narnien,
781 3203 834 3242 nott
861 3188 1001 3259 perlitiitlnl
1055 3189 1070 3245 si
1092 3146 1858 3273 ιῖςὡςθεομάχουςβδελυσσόμιθα,καὶάναςιματίζομιν.

111 3331 114 3334 ⁴
207 3283 328 3330 mutasse
342 3280 388 3326 att.
406 3267 461 3326 seo
475 3260 654 3333 Epig'tltaniunt
670 3261 759 3331 ipsum
778 3261 920 3315 attilicinus
935 3262 1000 3313 lsaer.
1081 3275 1177 3313 amcam
1197 3263 1269 3315 illam
1289 3264 1449 3331 epistolam,
1466 3265 1543 3335 cujus
1563 3269 1650 3338 major
1666 3287 1729 3340 pars
1751 3273 1860 3340 ingerat

208 3338 260 3412 tl,
274 3361 301 3401 tt.
318 3344 332 3398 l
348 3360 355 3397 ε
370 3338 409 3395 Ab
419 3339 459 3393 his
471 3335 641 3394 semiarianis
654 3343 677 3388 et
690 3329 848 3386 orthodoxis
859 3339 1003 3386 mattstrunt
1055 3328 1221 3400 diligentiam
1244 3346 1412 3389 sumtuurum
1437 3337 1576 3405 virorum,
1598 3341 1695 3410 quibus
1715 3342 1859 3398 collectio·

205 3416 335 3488 quoddam
349 3412 496 3483 biformiuos
517 3406 649 3461 bantinum
671 3411 695 3458 et
716 3402 891 3470 scutiferorum
907 3404 1003 3457 excitu·
1056 3415 1118 3456 nem
1140 3401 1317 3459 conciliorum
1339 3405 1490 3470 debemus,
1507 3410 1641 3479 integram
1659 3411 1770 3480 profero
1789 3415 1860 3471 inle-

206 3498 261 3544 sum
275 3497 329 3552 em
341 3484 388 3539 aiii
398 3484 503 3553 quippe,
517 3482 549 3533 als
562 3477 660 3531 titiano
674 3475 754 3541 stirpe
767 3477 874 3543 profecti
882 3513 889 3538 ,
905 3471 1003 3528 Filiam
1055 3473 1111 3526 rius
1124 3489 1156 3528 ex
1173 3473 1373 3530 otthoboniano
1387 3476 1448 3532 cod.
1464 3478 1518 3545 ΞΕ),
1534 3481 1582 3536 liti.
1601 3481 1676 3548 its,
1693 3499 1780 3547 nauiter
1794 3501 1857 3542 cunt

205 3575 258 3615 nott
270 3556 386 3613 absaistte
399 3563 544 3609 ereaturam
563 3564 617 3604 esse
638 3546 785 3617 definiunt,
801 3544 846 3599 sed
868 3545 923 3599 sine
941 3555 1004 3598 tent·
1056 3544 1166 3615 reliquis
1183 3545 1208 3599 itt
1225 3544 1380 3602 Vaticanum
1393 3552 1536 3617 translato,
1550 3553 1681 3610 beneficio
1692 3558 1859 3613 sanctissimi

204 3620 607 3765 lls‘nt‘tibniit
621 3616 767 3745 statii
783 3617 1004 3757 “llilttttt
1055 3615 1550 3749 nrtinnitatllnillnatt
1571 3624 1670 3753 litat
1683 3627 1813 3755 dmi?
1832 3635 1861 3755 it

419 3738 426 3762 5
753 3725 797 3743 ....
992 3717 1005 3728 ·
1300 3728 1306 3740 ·
1546 3736 1552 3751 .
1655 3715 1660 3749 l
1695 3715 1738 3752 ttttt
1780 3717 1860 3755 Sd·

205 3775 259 3829 rita
279 3781 367 3829 sancto
391 3764 575 3824 contumeliose
597 3762 726 3833 garriant.
752 3758 899 3829 Utramque
921 3760 1003 3814 etism
1055 3758 1139 3811 terius
1154 3759 1235 3812 etiam
1249 3761 1371 3828 epistola
1393 3762 1516 3828 initiunt,
1539 3767 1572 3820 ad
1589 3712 1737 3824 Maeuiismt
1752 3769 1859 3828 scilicet

206 3843 460 3902 Macedonianorunt
474 3846 576 3893 sectam
599 3832 740 3903 distittgnit
755 3832 856 3884 Auctor
873 3832 899 3883 in
914 3828 1004 3884 bialo·
1056 3829 1206 3900 episcopum
1233 3839 1258 3884 et
1285 3830 1402 3888 sinaitas
1425 3837 1585 3901 monachos,
1609 3841 1681 3909 quiid
1705 3841 1733 3896 in
1762 3845 1858 3899 eadem

225 3916 247 3970 is
260 3931 276 3970 a
287 3913 420 3970 Garucrio
433 3910 531 3965 iterum
548 3904 687 3972 impressis
701 3904 728 3956 in
742 3898 871 3955 ductario
891 3914 1004 3982 opernm
1056 3899 1219 3956 collectione
1239 3900 1328 3958 deest.
1346 3903 1406 3959 Vid.
1425 3916 1490 3962 totu.
1509 3907 1561 3976 lv,
1581 3909 1647 3967 Ven.
1664 3912 1730 3968 adit.
1745 3928 1772 3984 p.
1788 3915 1860 3970 litii

204 3931 393 4044 Ebeodoreti,
405 3980 432 4035 in
470 3977 549 4032 uibus
568 3973 645 4028 illum
665 3971 745 4027 aliter
764 3984 825 4025 cum
846 3969 1004 4041 prioribus,
1058 3980 1086 4025 et
1100 3970 1179 4027 1793.

205 4051 362 4110 slites'cum
377 4049 437 4105 aliis
450 3994 635 4128 disputantem
648 4041 771 4112 legimus.
947 4112 953 4125 .
1091 4037 1225 4126 dllasttasi
1252 4045 1479 4106 anathematismo
1504 4052 1670 4118 rescissum,
1698 4069 1730 4111 ae
1755 4057 1860 4126 perios·

243 4123 389 4180 bililarius
403 4120 437 4174 de
455 4117 533 4174 Trtn.
550 4115 597 4171 hb.
611 4128 663 4184 vn,
677 4127 738 4183 cap.
752 4112 770 4167 5
784 4120 813 4169 et
832 4112 869 4166 l:
887 4111 1004 4184 liebtou,
1055 4127 1115 4170 sum
1128 4155 1136 4183 ,
1151 4125 1300 4186 captiosum
1324 4118 1386 4174 lidei
1407 4119 1527 4176 libellum
1549 4123 1643 4181 homae
1657 4141 1673 4180 a
1690 4126 1768 4183 llitnii
1782 4131 1860 4185 obla·

208 4196 330 4270 quom
349 4191 490 4247 pponam„
720 4254 726 4268 ι
837 4255 843 4267 ·
914 4256 920 4269 θ
1057 4192 1291 4258 tum,omncsgue
1304 4189 1351 4260 qui
1370 4191 1396 4245 in
1419 4190 1591 4252 iraudulenta
1611 4198 1782 4267 expositione
1798 4216 1858 4272 per·

245 4258 605 4324 clluncauathemstlsmum
616 4254 780 4313 Goelestmus
790 4264 884 4312 recitat
894 4256 936 4313 lns
947 4272 1006 4312 ter·
1055 4264 1177 4323 starent,
1197 4259 1231 4313 ab
1254 4259 1374 4317 Ecclesia
1390 4262 1486 4319 eodem
1501 4275 1623 4335 tempore
1643 4268 1748 4326 alienos
1772 4271 1860 4329 iactos

206 4340 268 4399 bis:
284 4334 537 4393 Auatdematisamsts
557 4347 616 4398 eos,
632 4329 676 4399 otti
689 4327 754 4382 duas
769 4325 852 4383 Filias
867 4327 914 4383 liei
932 4345 1004 4385 asse·
1055 4328 1150 4384 scribit
1172 4328 1357 4387 Nazianzenus
1372 4335 1399 4387 itt
1419 4333 1437 4388 Ξ
1460 4336 1494 4390 ad
1507 4335 1615 4397 diedon.
1631 4341 1683 4398 Sed
1707 4352 1798 4398 utrum
1813 4345 1858 4399 ilie

207 4422 286 4479 runt,
300 4409 409 4466 aiterum
424 4406 468 4478 gat
488 4419 521 4459 ee
539 4400 619 4457 Patre
639 4409 698 4457 uate
717 4401 813 4482 masia
830 4407 868 4454 est
888 4399 1004 4472 genitus,
1056 4397 1128 4455 lttmc
1148 4401 1237 4456 locunt
1262 4401 1406 4474 designet,
1420 4421 1454 4462 an
1475 4407 1591 4464 aiterum
1612 4412 1674 4467 ltuic
1688 4412 1806 4471 similem
1830 4417 1858 4472 itt
1920 4453 1925 4460 ·

206 4494 232 4542 st
246 4483 356 4540 atteram
369 4482 413 4550 qai
426 4493 458 4533 ee
470 4475 643 4547 assattsptiooe
659 4486 747 4526 earnis
758 4480 833 4525 nnus
848 4479 885 4525 est
897 4486 929 4525 ea
949 4469 1006 4525 Vis·
1019 4499 1043 4560 D
1057 4469 1140 4542 priori
1151 4473 1185 4526 ad
1202 4472 1342 4529 Paulinum
1358 4474 1477 4547 Epistola
1491 4493 1653 4551 expressum
1664 4524 1673 4552 ,
1685 4482 1747 4540 ride
1760 4488 1795 4542 ad
1809 4503 1859 4543 an-

227 4557 275 4612 im.
291 4549 474 4626 Apollinaritts
488 4547 557 4602 banc
569 4543 732 4602 sententiam
748 4557 795 4612 por
811 4556 943 4597 summam
958 4556 1005 4598 ca·
1056 4557 1121 4597 stum
1135 4542 1201 4600 575.

206 4573 337 4682 itimnism
360 4618 508 4678 Catholicis
532 4616 676 4672 amorerat
698 4615 733 4668 oh
757 4613 825 4668 duas
844 4612 871 4667 in
895 4609 1004 4668 Christo
1093 4614 1217 4678 ellmtc,
1232 4624 1313 4687 atque
1328 4616 1392 4675 huic
1409 4620 1563 4690 proximum
1585 4624 1859 4697 anathematismum,

207 4695 272 4754 iesu
286 4704 405 4752 assertas
428 4697 539 4746 naturas
558 4687 678 4768 perlecto
699 4685 808 4746 unitas,
824 4697 911 4754 eoque
934 4700 1004 4755 prae·
1055 4684 1127 4752 nuod
1145 4700 1223 4741 asuo
1235 4688 1329 4743 codice
1341 4690 1469 4746 abessent
1482 4733 1490 4757 ,
1504 4693 1668 4762 Quesneilus
1690 4699 1807 4756 Damaso
1819 4703 1861 4756 al-

207 4777 284 4823 testu
298 4763 476 4827 abutebatur,
491 4768 521 4814 ut
535 4773 583 4828 per
594 4770 712 4828 spectem
726 4754 794 4810 adeo
806 4753 931 4810 absurdas
945 4756 1004 4827 opi·
1057 4753 1134 4811 iictos
1145 4763 1221 4825 putat
1233 4755 1327 4815 iraude
1342 4768 1371 4816 et
1382 4762 1447 4818 dolo
1473 4766 1544 4819 ntalo
1559 4766 1662 4824 Paulini
1677 4770 1860 4839 Antioclteni,

208 4837 298 4896 trionis
321 4833 447 4891 anamim
463 4844 540 4888 suam
563 4828 762 4884 corroboraret.
785 4824 842 4881 lloc
864 4825 948 4896 liquet
970 4841 1004 4883 ex
1056 4837 1086 4882 nt
1112 4827 1158 4883 illo
1181 4829 1310 4885 aemulum
1331 4830 1358 4886 in
1379 4835 1538 4904 episcopatu
1564 4839 1701 4898 lieletium
1727 4856 1861 4912 superare

208 4907 277 4967 locis
295 4922 310 4961 a
332 4902 442 4963 Petasio
463 4900 552 4957 allatis
569 4897 730 4983 detlttcarn.
747 4895 795 4981 lib..
811 4912 868 4963 titt,
889 4913 950 4969 cap.
964 4898 1002 4966 2,
1056 4907 1159 4982 posset.
1174 4898 1227 4967 ht,
1243 4899 1298 4956 olai
1314 4916 1472 4974 praccepset
1482 4906 1541 4962 tiro
1555 4910 1693 4978 rigidioris
1706 4912 1860 4984 disciptinas

207 4989 289 5053 atque
309 4990 370 5034 eam
389 4971 551 5029 calumnians
576 4984 635 5027 suts
658 4982 718 5038 tpse
737 4968 847 5025 auribus
871 4968 1004 5027 batrtasus
1056 4968 1164 5026 uindice
1177 4970 1315 5043 indignum
1330 4988 1448 5043 prorsus·
1461 4978 1616 5046 judiciuml
1640 4982 1763 5041 incudem
1784 4986 1860 5043 illam

206 5049 304 5126 jactari
324 5045 485 5108 audiverat,
509 5051 644 5112 praesente
656 5038 757 5096 dcacio
781 5039 926 5096 Beroeensi
949 5041 1007 5112 epi-
1057 5041 1162 5097 scilicet
1184 5043 1297 5098 minime
1322 5042 1414 5103 olfecit
1433 5047 1643 5122 Theodorctus,
1665 5070 1728 5111 eum
1747 5059 1860 5114 eosdem

208 5117 419 5194 impediebat
442 5124 531 5169 autem
546 5111 730 5184 Apollinartus
754 5127 761 5165 a
786 5109 817 5166 Si
830 5109 928 5166 domni
948 5127 1004 5180 per·
1058 5113 1301 5169 anathematismos
1319 5118 1451 5186 retinuit,
1474 5136 1637 5192 quarumnam
1659 5125 1796 5184 lieletium
1819 5131 1862 5199 ip-

209 5199 276 5270 feeto
291 5192 378 5249 stttitsss
392 5197 429 5244 est
445 5180 843 5256 periectasliests,duatttigae,
859 5197 1007 5237 nonarum
1057 5196 1137 5252 sttnt,
1154 5198 1186 5239 ac
1200 5183 1260 5254 ejus
1281 5200 1466 5246 successorem
1488 5193 1555 5249 tanti
1575 5194 1673 5254 iecerit
1709 5209 1740 5255 ut
1762 5216 1861 5257 omncs

210 5256 552 5336 mergerentur..
572 5267 633 5324 cap.
651 5251 687 5308 55
705 5262 733 5305 et
750 5249 801 5313 59.
815 5260 843 5307 et
867 5265 927 5322 cap.
948 5253 1004 5309 ηε
1058 5263 1166 5338 captet,
1181 5269 1234 5339 qua
1254 5267 1360 5328 certas,
1383 5275 1435 5330 oua
1454 5264 1550 5320 dubias
1569 5238 1714 5338 utrumqtie
1729 5271 1861 5328 laudandi

211 5338 243 5396 Si
268 5334 366 5393 homini
387 5328 523 5412 copulatas
549 5334 586 5382 est
612 5323 682 5379 beas
706 5323 855 5393 periectas,
872 5324 1008 5405 'pergemus
1058 5339 1135 5392 usas,
1150 5342 1196 5396 qut
1214 5337 1365 5411 practerea,
1381 5333 1416 5387 ab
1429 5350 1544 5407 eo,quo
1561 5353 1607 5392 res
1619 5345 1769 5411 agebantur
1789 5353 1860 5399 tetar-

209 5408 442 5533 mmpleiii'emiiw'¹
457 5393 821 5528 omonimum&
832 5393 1008 5523 tig'geilnatffi
1058 5400 1375 5528 pieriin'igiemeiliiih
1391 5403 1457 5474 qum
1478 5407 1557 5464 [acne
1572 5407 1666 5494 mium
1679 5410 1790 5481 ΜΝ
1811 5414 1861 5472 de·

212 5490 444 5607 iic't'sean‘sunints‘ii
454 5543 507 5601 huc
520 5482 924 5622 proniulgatoan'atheniatismo
937 5537 1007 5594 idem
1057 5483 1220 5608 &besselius
1230 5512 1317 5615 glotis
1336 5482 1861 5629 timeoniigspiisieiioioeiiiiig'riuiritffi

212 5618 335 5694 pontilex
352 5614 542 5674 removendam
555 5619 669 5696 censet,
692 5622 770 5680 cutus
793 5606 894 5665 demde
916 5622 1007 5666 esem·
1058 5623 1143 5668 retur.
1164 5611 1299 5671 Caeterum
1321 5617 1345 5671 si
1370 5616 1428 5674 haec
1449 5619 1601 5692 dogmatica
1623 5627 1723 5697 scripta
1746 5634 1777 5684 et¹
1796 5644 1861 5700 pro-

211 5692 286 5765 pium
299 5687 484 5744 Nazianzenus
503 5696 597 5755 aperte
616 5689 737 5739 tmttatus
756 5686 799 5762 est
819 5677 846 5736 in
867 5679 881 5733 l
903 5679 938 5735 ad
950 5677 1009 5736 Cie-
1059 5682 1177 5755 mulgata
1199 5694 1240 5741 cst
1255 5689 1289 5743 ab
1303 5701 1335 5743 ea
1349 5687 1470 5746 Romana
1483 5693 1607 5766 synodo,
1622 5712 1683 5766 quas
1695 5699 1791 5756 initam
1801 5701 1860 5772 iarn

212 5762 287 5836 dots,
300 5757 360 5818 hasa
371 5757 514 5817 mntem:
530 5753 563 5813 St
579 5754 636 5828 gatis
648 5754 714 5810 daos
727 5748 823 5823 Filios,
844 5749 956 5810 assoon
976 5766 1010 5810 aa
1060 5751 1198 5813 lleletium
1211 5756 1283 5815 iuter
1302 5765 1332 5816 et
1349 5758 1493 5820 Paulinum
1515 5766 1690 5829 concordiam
1709 5769 1859 5838 conflrma-
