3900 6134
101 247 159 303 φη
795 240 1060 303 erroreconunr.
1704 257 1757 314 sss

100 357 413 430 spertedemonstrant,
438 356 597 428 Dupiuium,
612 373 672 429 quus
686 373 831 430 numquam
846 362 900 417 lue-
916 371 939 429 Λ
955 377 1003 415 eur
1024 363 1050 416 in
1072 362 1169 420 litteris
1192 363 1225 418 ad
1245 363 1395 422 Orierrralcs
1419 367 1549 437 scriptis,
1570 370 1647 439 paeni
1667 373 1718 428 sibi
1740 389 1755 428 a

101 463 177 519 runt,
194 450 265 508 lacta
283 462 384 509 temere
397 452 578 514 comminisci,
594 452 723 523 falsisque
737 469 768 508 ea
782 457 905 512 testimo·
958 453 1112 524 Ocuroplriio
1139 458 1283 526 expositum
1307 473 1336 514 se
1360 460 1499 528 suscipere
1537 461 1660 520 Liberius
1697 465 1754 531 ait,

102 545 156 600 niis
166 543 341 611 confirmare,
356 552 385 599 ut
400 542 503 610 lucuru,
517 542 688 614 promentur,
701 544 795 600 lectori
812 542 903 605 iaciat.
957 547 1009 604 hac
1023 565 1085 604 vcro
1102 550 1136 607 de
1152 567 1182 607 re
1203 553 1307 609 nultum
1324 553 1350 606 in
1365 554 1425 608 aliis
1439 555 1472 608 ad
1488 554 1627 611 llrsaciuur
1644 558 1753 628 ipsum,

103 678 268 744 §vl-liei
280 680 357 730 mus
367 677 493 729 ambedo
522 686 582 728 m
592 679 673 729 series
685 681 827 741 exponitur,
841 681 907 743 ejus-
957 653 983 695 et
999 640 1138 698 Valentem
1153 650 1181 699 ct
1203 644 1370 701 Gerrniuiurn
1386 646 1521 715 exaratis,
1547 649 1657 705 uerbum
1682 650 1755 706 lecc-

138 742 227 807 φηςι
238 742 389 801 missuras,
403 751 430 792 er
447 742 477 790 an
514 742 616 791 merum
633 751 660 791 er
672 741 802 792 paternam
818 741 907 794 struem
957 730 1002 787 rit.
1016 732 1082 801 Quis
1099 735 1169 790 enirn
1187 735 1249 790 binc
1270 753 1323 791 non
1339 738 1444 800 rideat,
1466 742 1614 796 cumidem
1631 743 1755 801 Liberius

139 803 430 925 gdgdggffsfzfrffgdla,
438 805 907 930 ὧνιυὲιὲιὲιὲἳῗιὲῗίἒξῦξὲἑέῑέὧᾞῦῑὲῐ
958 836 1005 877 eas
1022 823 1125 879 litteras
1146 835 1291 895 exararet,
1315 844 1396 882 unam
1412 828 1496 885 luisse
1519 846 1613 887 eornm
1632 835 1754 890 ourniunr
1791 813 1796 824 ⁸

139 929 456 992 tirsopolioongregatorum
489 929 612 978 clauorum
624 929 762 979 testimonio
774 941 823 979 non
834 938 908 980 aurea
959 910 1060 980 fldem,
1087 917 1251 988 missamque
1276 919 1388 987 proinde
1421 929 1563 991 uitantque
1588 924 1754 994 epistolarii,

138 993 275 1043 mmm·
959 1015 1101 1077 postquam
1115 1008 1231 1076 valeus,
1248 1009 1378 1066 Ursrrcius
1392 1021 1420 1067 et
1431 1012 1588 1070 Gerariuius
1608 1016 1758 1088 Aucprauac

141 1099 206 1166 Ouae
231 1099 322 1169 itaque
344 1097 476 1154 hactenus
503 1097 596 1162 dicta,
618 1106 646 1153 et
670 1097 806 1166 disputata
828 1112 843 1151 a
864 1111 908 1154 ure
959 1098 1056 1170 synodi
1069 1099 1271 1157 delinitionibus
1286 1103 1514 1174 subscripserant,
1538 1106 1665 1179 miliaque
1687 1109 1758 1164 iuter

103 1199 251 1257 sunt,cum
271 1206 330 1262 quae
343 1199 467 1261 suscepta
480 1206 496 1245 a
509 1188 696 1245 Liberiobdes
710 1187 803 1256 luerit,
817 1198 909 1245 osten·
960 1205 1027 1256 eos,
1047 1198 1075 1246 et
1096 1190 1247 1249 Orientales
1269 1194 1389 1252 exterior
1409 1194 1435 1252 iu
1460 1198 1601 1253 scuta-utils
1622 1197 1758 1257 discordia

76 1339 79 1343 ,
104 1281 193 1349 alunt,
210 1292 266 1337 tum
282 1298 347 1338 vero
361 1293 444 1338 totam
458 1298 548 1338 rcrum
563 1292 700 1352 gestarum
716 1283 814 1339 scriem
829 1282 909 1337 lacilc
960 1297 1022 1338 csse
1037 1282 1196 1339 ridebatur?

101 1375 159 1448 jam
182 1377 377 1449 pervidendam
397 1377 526 1433 oberant.
548 1376 664 1433 Basilius
684 1376 908 1448 ipitur‚coul==cta
997 1373 1072 1430 Nune
1092 1391 1157 1432 sero
1177 1376 1321 1433 uidendum
1344 1394 1358 1433 a
1378 1379 1455 1436 uubis
1469 1392 1526 1448 cst,
1546 1382 1610 1454 quid
1633 1384 1759 1443 Liberius

103 1470 248 1540 Ancyraus
270 1469 394 1542 syuodo,
412 1485 444 1525 ac
458 1470 632 1526 Pascbuiibus
647 1467 718 1524 lorte
742 1468 848 1536 dicbus,
874 1469 908 1524 ad
961 1468 1068 1538 eperia,
1087 1477 1229 1540 postquam
1252 1472 1381 1528 Sirmium
1406 1477 1531 1532 accessit.
1552 1477 1717 1535 btlrarrasius
1729 1490 1758 1537 et

106 1561 298 1634 imperatorem
314 1563 450 1634 prolectas
469 1573 511 1620 est
530 1563 622 1621 Sirmii
639 1573 784 1634 apentem;
801 1578 908 1636 eoque,
933 1646 936 1650 λ
962 1560 1096 1628 Hilarius,
1116 1573 1146 1619 ut
1164 1564 1239 1633 rliai,
1259 1567 1325 1623 nibil
1350 1570 1470 1640 prolecto
1491 1573 1667 1644 exprimunt,
1687 1577 1758 1647 quod

106 1662 138 1711 ut
151 1656 225 1723 disi,
242 1657 386 1729 pervenire
402 1656 483 1714 bacile
504 1657 591 1727 potuit
615 1659 726 1712 ineunte
750 1655 819 1713 llaio
835 1672 843 1711 r
865 1670 911 1713 res
963 1670 1012 1710 nos
1030 1656 1090 1725 ejus
1103 1657 1141 1713 rei
1155 1658 1272 1716 dilucide
1289 1662 1405 1718 scientes
1419 1664 1508 1720 saciat.
1524 1666 1652 1725 Socrates
1664 1671 1697 1726 de
1713 1671 1759 1727 bu·

105 1749 184 1805 illum
199 1766 263 1806 suas
276 1752 334 1822 pari
351 1750 506 1825 celeritate,
520 1766 553 1806 ac
566 1751 695 1807 felicitate
709 1750 859 1808 coniecisse
875 1768 907 1807 cs
925 1746 1003 1826 pius
1016 1749 1151 1818 pontilicis
1166 1751 1241 1822 lapsu
1252 1752 1438 1812 nihilomnino
1450 1760 1688 1832 attigiusiquidcm
1703 1764 1759 1820 liu·

108 1843 213 1900 llilario
226 1851 255 1900 et
273 1845 426 1901 sozomeno
451 1844 573 1900 scimus:
590 1859 652 1900 nem
666 1843 908 1901 Sirrnieusisblas·
962 1839 1050 1906 finus.
1065 1857 1144 1911 ‘tueor
1166 1845 1289 1916 sequitur
1311 1846 1488 1919 plerumque,
1511 1851 1561 1906 lrac
1582 1852 1618 1908 dc
1640 1870 1669 1910 re
1691 1856 1759 1912 nibil
1815 1852 1818 1857 ⁴

108 1936 217 2007 pbemia
240 1936 368 2007 abrogata
391 1946 417 1992 ct
439 1935 609 1992 Aritiucbena
631 1935 658 1990 in
679 1936 815 1991 Errcaruiis
843 1933 910 1991 lides
960 1930 1025 1986 certi
1038 1943 1205 2002 compertum
1220 1951 1249 1992 se
1264 1936 1391 1995 babuisse
1405 1941 1499 1997 scribit
1513 1940 1560 2014 (c).
1576 1943 1653 2001 Unus
1667 1947 1758 2018 itaque

10 2016 13 2021 ’
109 2027 210 2084 iterum
221 2027 450 2093 corulirmataest;
469 2026 593 2083 Ursacius
615 2036 745 2097 praeterea
768 2026 910 2083 ctllalens
959 2022 1441 2102 Soznmcuussuperest,quipcst·c
1462 2035 1579 2090 tuncrei
1599 2041 1770 2114 memoriam

108 2122 231 2195 ejusdem
248 2123 425 2196 blaspbemirc
438 2134 564 2179 auctores
578 2124 758 2194 ignorantiam
774 2123 908 2195 nrofessi,

107 2227 291 2283 revocarant,
311 2216 382 2287 quod
407 2214 547 2282 lecerunt,
569 2215 749 2272 Arniocbeuae
771 2224 798 2271 et
819 2217 910 2288 Ancy-

107 2325 182 2367 rance
193 2308 295 2366 ectbesi
308 2309 478 2366 subscribere
492 2308 578 2365 coacti
590 2327 597 2362 :
611 2309 750 2364 Eudoxias
761 2317 789 2364 et
799 2310 908 2378 tetius,

106 2402 208 2474 aliique
229 2400 365 2457 ruenilesti
387 2400 446 2471 ejus
470 2400 616 2470 inrpietaris
638 2401 910 2457 sectaturcsessuies

109 2494 172 2551 lacti
187 2511 193 2547 :
207 2494 336 2550 basiliani
357 2493 475 2565 denique
488 2493 605 2551 aictures
619 2493 746 2549 universa
760 2494 817 2549 loca
832 2509 910 2564 pera-

107 2597 239 2661 grarunt,
254 2595 284 2643 ut
296 2586 464 2643 homousiam
479 2587 536 2643 siue
551 2592 719 2660 ancyranam
736 2586 833 2654 bdem,
849 2601 909 2656 que

106 2681 201 2739 eedem
218 2697 280 2737 cunr
301 2680 443 2738 Sirmiensi
458 2691 518 2749 est,
534 2680 726 2737 coulirrnareur
749 2678 798 2754 (a).
815 2679 910 2737 Nullus

107 2775 198 2848 iraque
210 2776 320 2842 dubito,
335 2775 398 2847 quin
415 2775 520 2830 litteras
534 2790 736 2846 quaquaversus
750 2776 821 2832 illico
834 2790 909 2847 spar-

106 2870 134 2942 pi
145 2871 319 2939 corruerint,
334 2870 433 2941 quibus
442 2870 563 2941 episcopi
577 2885 672 2927 ornnes
684 2885 731 2940 per
745 2869 885 2926 Orientem
899 2910 908 2936 ,

106 2973 188 3034 atque
203 2963 426 3035 lipotissimum,
450 2965 495 3036 qui
519 2964 696 3021 Sirrniensem
719 2963 799 3019 iidem
824 2963 907 3034 proil-

106 3057 248 3126 tebantur,
263 3071 296 3112 ea
311 3055 346 3112 de
364 3072 394 3112 re
408 3057 539 3113 certiores
553 3055 649 3112 luerent
661 3098 670 3122 ,
683 3071 752 3127 quos
768 3057 839 3112 inter
854 3056 906 3112 be·

960 2116 1110 2172 transmisit
1122 2117 1155 2172 ad
1169 2131 1307 2189 posteros,
1322 2128 1403 2192 atque
1417 2123 1492 2178 illaur
1507 2125 1576 2181 adco
1591 2127 1757 2196 descriptam

960 2217 1100 2275 accurate,
1117 2219 1146 2264 ut
1163 2203 1271 2266 omnem
1284 2211 1396 2267 omuino
1412 2214 1541 2282 pudorem
1555 2218 1663 2276 carnisse
1677 2239 1760 2291 epm·

960 2308 1033 2369 tear,
1050 2302 1095 2371 qui
1115 2301 1175 2373 ejus
1190 2304 1241 2359 troc
1260 2303 1287 2358 in
1303 2303 1574 2364 l.rctnauctoritatcm
1590 2312 1666 2381 sequi
1679 2313 1757 2383 nolit.

960 2392 1036 2448 Illum
1052 2392 1142 2466 itaque
1156 2410 1248 2466 operar
1263 2398 1377 2465 pretium
1392 2407 1435 2454 est
1454 2411 1482 2454 ut
1495 2400 1646 2459 audiamus.

998 2484 1077 2540 Hand
1090 2487 1170 2542 nrulto
1184 2499 1240 2556 post
1254 2485 1400 2558 imperaror
1412 2490 1443 2544 ab
1458 2492 1521 2546 arbe
1536 2491 1617 2547 linum
1633 2494 1759 2553 Sirmium

960 2594 1096 2646 reuersas,
1122 2596 1180 2634 caru
1205 2580 1381 2637 Occidentrdes
1408 2583 1520 2656 episcopi
1548 2586 1702 2658 leporioueru
1724 2589 1758 2644 ud

959 2672 1046 2743 ipsam
1071 2674 1218 2741 arrisissent,
1241 2674 1371 2730 Liberium
1393 2675 1484 2758 Beroepr
1501 2679 1536 2732 ad
1553 2696 1580 2734 se
1607 2683 1759 2741 arcessiuit:
1795 2716 1802 2730 κ

960 2781 1068 2832 canspae
1081 2766 1198 2821 adessent
1219 2767 1297 2838 lepati
1316 2768 1494 2842 episcoporum
1510 2770 1639 2841 Orientis,
1662 2793 1757 2832 conae·

960 2857 1024 2911 catis
1048 2857 1240 2924 sacerdotibas,
1260 2861 1305 2930 qui
1326 2860 1354 2913 in
1373 2862 1497 2916 conductu
1512 2874 1605 2930 morri,
1630 2864 1760 2923 Liberium

960 2950 1035 3020 caepit
1051 2951 1219 3021 contpeiiere,
1235 2961 1262 3006 at
1284 2950 1384 3008 Filium
1399 2951 1488 3010 Putris
1506 2973 1559 3011 non
1580 2975 1634 3013 esse
1652 2960 1762 3016 consub-

960 3042 1105 3098 stantialem
1124 3045 1296 3115 profiteretur.
1310 3043 1446 3102 instabunt
1460 3058 1566 3116 auteur,
1583 3062 1606 3106 et
1623 3053 1761 3124 imperato·

106 3149 245 3223 moppppug
266 3149 365 3205 ,nep-110
387 3147 569 3205 numerandus
583 3159 646 3217 esp,
666 3149 728 3219 quja
750 3162 804 3204 110„
828 3149 943 3219 topper]
960 3153 1014 3191 rem
1026 3137 1060 3191 nd
1072 3137 1119 3192 boc
1132 3137 1313 3208 impellebant,
1331 3139 1463 3211 Basilius,
1480 3142 1629 3200 Eustotlrias
1641 3157 1666 3201 et
1684 3149 1760 3204 Elea-

105 3244 217 3308 phem·
238 3259 272 3299 ,ρ
292 3242 434 3301 Sirmiensi
456 3243 545 3298 eidem
567 3242 628 3297 fidei
643 3241 848 3298 conscribendas,
861 3241 910 3297 ad.
960 3227 1035 3295 sias,
1050 3229 1095 3300 pai
1109 3231 1241 3300 praecipuo
1260 3233 1333 3300 opud
1351 3233 1436 3302 ipsunr
1450 3236 1602 3290 auctoritate
1619 3237 1761 3308 pollebunt.

104 3336 211 3403 iuerat,
225 3351 341 3407 eamque
354 3346 384 3391 ut
398 3335 530 3400 vidimus,
545 3350 608 3391 cnm
631 3333 807 3391 Serniurienis
821 3334 910 3406 palam
965 3322 1015 3391 Oli
1028 3339 1087 3378 ΝΜ
1110 3340 1158 3390 ⁶⁰2
1179 3327 1237 3395 iu&
1258 3337 1348 3380 ⁶⁰¹¹¹W
1371 3326 1484 3381 Paulam
1505 3328 1721 3401 S⁶¹²²⁰⁵⁰⁸O¹¹¹mi
1737 3343 1763 3391 O

105 3429 294 3503 prowm,
312 3429 376 3485 ΗΜ
391 3443 456 3485 pepo
473 3430 564 3485 omnia
580 3444 641 3484 cum
657 3427 703 3482 pre
718 3426 827 3482 Lppepro
840 3440 911 3498 pm.
961 3424 1050 3469 contra
1072 3413 1214 3471 Paetinam
1236 3419 1384 3487 episcopum
1400 3419 1491 3475 Sirmii
1512 3421 1616 3478 decretu
1638 3425 1762 3495 fucrant,

104 3537 172 3579 ,ens
186 3531 345 3589 „gp-passer,
366 3533 448 3593 arque
467 3520 650 3592 explicasset,
667 3518 784 3574 oppinum
793 3559 801 3585 ‚
816 3528 844 3572 ur
864 3516 912 3574 ine
962 3522 993 3562 cc
1005 3517 1129 3577 praetereo
1142 3510 1202 3577 fidei
1216 3512 1355 3580 pornralmn
1368 3516 1394 3566 la
1409 3513 1570 3570 dedicatione
1584 3515 1762 3576 dntiacbeusr's

103 3614 203 3671 exsilio
217 3614 366 3679 lmctus,et
378 3611 458 3670 Urbis
469 3611 618 3668 revisendae
632 3610 757 3682 cupidus,
769 3608 803 3665 ad
815 3609 913 3666 Orien·

104 3708 176 3764 tales
197 3708 353 3772 scriberet,
373 3705 418 3777 qui
444 3707 470 3760 in
494 3705 622 3762 comitatu
646 3714 744 3769 crant,
768 3715 796 3761 et
818 3719 909 3760 rerum

103 3798 177 3870 apud
201 3799 395 3869 imperatorem
417 3798 610 3869 potiebantur,
634 3796 763 3852 basilium
784 3798 906 3865 scilicet,

104 3898 136 3946 ut
151 3888 321 3961 Niceplrorus
335 3890 452 3960 explicat
464 3930 472 3958 ,
486 3889 598 3961 ejusque
609 3888 698 3945 socius
713 3889 762 3961 (b).
774 3887 830 3945 Nec
844 3904 910 3945 uero

105 3984 271 4038 sententiam
286 3982 356 4037 bunc
370 3997 456 4038 rncam
470 3993 593 4038 euertere
604 3981 724 4045 uidetur,
739 3984 812 4052 quod
838 3981 910 4037 idem

104 4072 227 4145 pomiles
241 4073 355 4131 Ursacio
372 4075 471 4139 etiam,
493 4081 522 4129 et
541 4072 648 4128 Valenti
670 4071 829 4143 scripserit,
850 4073 907 4130 Sir-

106 4165 222 4223 miensis
254 4165 314 4236 ejas
336 4166 511 4238 blaspbernirc
531 4166 687 4222 auctoribus
716 4177 743 4222 es
766 4163 908 4222 assertori-

105 4257 159 4315 bus
171 4276 178 4312 :
191 4258 335 4315 cumcuim
349 4258 427 4314 istam
441 4269 503 4314 tunc
514 4257 531 4314 ii
544 4266 733 4324 rerucasscnt,
744 4267 770 4313 et
783 4255 907 4313 eumdem

106 4366 170 4406 cum
186 4350 301 4418 Basilio,
316 4349 476 4422 caeterisque
496 4349 670 4406 Semiarianis
684 4348 763 4405 lrdcrn
786 4348 907 4420 prolitcri

105 4441 193 4499 eoacd
210 4442 342 4510 tuissent,
358 4442 431 4498 nulla
462 4450 522 4499 eras
546 4451 639 4514 aperta
663 4443 732 4497 ratio
763 4455 812 4497 cur
835 4440 907 4497 idem

106 4539 246 4610 pensiles,
266 4537 312 4610 qui
330 4537 514 4595 Orientalibus
534 4537 702 4607 scripserat,
721 4551 815 4593 eorum
830 4535 908 4592 Occi·

103 4631 254 4690 dentalium
268 4632 366 4699 etiam,
383 4647 497 4704 qaorum
508 4647 604 4704 magna
620 4641 679 4687 erat
690 4631 760 4702 apud
775 4632 907 4688 Gorrstan·

104 4726 173 4783 tium
186 4727 291 4798 pratia,
305 4739 337 4781 ac
350 4725 445 4783 eadem
460 4733 596 4781 tuncrum
612 4723 719 4781 cacteris
734 4723 816 4792 fides,
832 4739 907 4781 com-

103 4818 263 4876 munionem
278 4818 402 4890 reingere
423 4817 572 4875 debuisset'.
588 4817 656 4873 ilinc
675 4832 738 4873 uero
757 4816 904 4889 intelligis,

103 5004 189 5075 {mure
201 5019 255 5058 arra
266 5003 372 5059 enciens
386 5013 546 5058 aspramente
567 5002 631 5056 daris
648 5000 684 5055 ies
697 4997 851 5127 ntupum
871 4997 904 5052 de

103 5075 139 5132 S.
158 5072 259 5130 lliicire
274 5115 281 5130 .
299 5115 305 5128 .
324 5114 331 5129 .
346 5074 409 5131 llaec
423 5077 559 5146 exscripta
572 5088 607 5130 cx
622 5072 736 5128 Dissert.
771 5067 846 5140 ,§3.

142 5144 184 5218 (al
204 5144 318 5203 l’bilost.
333 5146 380 5202 lib.
396 5162 433 5212 ra,
443 5161 503 5218 cup.
517 5146 544 5203 9.

143 5218 185 5285 (bl
203 5215 317 5289 Niceplr.
330 5217 378 5272 lib.
394 5233 422 5272 rs
435 5259 443 5284 ,
458 5231 518 5289 cap.
533 5217 580 5276 S'l.

158 5303 171 5340 c
203 5286 263 5344 bib.
278 5303 306 5356 r,
320 5289 436 5359 capii.

206 5358 283 5415 llunc
294 5358 436 5417 Sosorueni
449 5360 557 5425 locum,
571 5358 674 5415 nelarie
685 5365 774 5414 umen
785 5355 910 5411 ialsaturu

101 5429 251 5501 exscripsit
266 5429 407 5486 Gmculas
419 5432 474 5496 ille,
484 5431 561 5498 cujus
573 5441 660 5486 exstat
676 5431 757 5483 uariis
768 5429 794 5482 in
811 5427 907 5482 biblio-

104 5503 195 5558 tbecis
206 5501 349 5572 draps-odia
360 5501 484 5574 quedam
495 5504 547 5558 sub
557 5504 688 5559 ementito
698 5499 785 5554 Paccii
798 5499 909 5565 patriur-

101 5573 163 5629 cboe
178 5573 304 5634 nourrius,
318 5588 350 5629 ac
363 5576 414 5628 snb
434 5573 486 5628 buc
507 5573 584 5628 titulo
601 5573 767 5647 :uuaapopoei
787 5573 831 5624 καὶ
845 5572 908 5624 ἀπο-

101 5643 196 5710 δείξεις
218 5644 332 5720 a'ocpsds'ac
346 5645 534 5718 eassdapps'uccr
546 5643 574 5701 dre
593 5667 621 5701 rs
641 5641 790 5704 συναδικῶν.
804 5643 848 5696 καὶ
867 5640 909 5696 icr-

100 5724 214 5793 capraea
223 5725 326 5808 ppppais
332 5720 396 5808 prepi
409 5717 572 5781 ramirus,
586 5720 629 5772 aad
647 5714 854 5790 μητοοπολιτῶν,
868 5713 910 5767 aad

98 5787 200 5846 λοιπῶν
223 5807 317 5864 scapua
327 5790 485 5865 armaion,
501 5785 727 5850 Ἑκκλησιιιστιιιῶν
744 5788 909 5861 ζητημάτων.

286 5924 290 5930 -
371 5884 508 5947 Ριιιιοι.
541 5881 628 5946 xllt.

961 3600 1075 3657 basiliere
1087 3602 1182 3657 editam
1195 3646 1203 3669 ,
1223 3603 1249 3658 in
1272 3621 1351 3658 auam
1366 3615 1426 3660 tanc
1440 3606 1556 3662 libellum
1571 3612 1761 3683 coniecissent,

962 3697 1068 3764 perinde
1082 3697 1156 3766 quasi
1170 3696 1274 3766 paidom
1286 3697 1333 3750 sub
1344 3696 1445 3752 obtenta
1460 3698 1576 3755 uacabali
1593 3703 1763 3759 consubstan-

960 3792 1030 3847 tialis
1050 3795 1182 3864 propriam
1204 3792 1323 3849 boeresinr
1343 3794 1458 3851 stabilire
1479 3810 1651 3867 coner-entur,
1672 3800 1763 3869 effece-

961 3895 1020 3940 runt
1039 3895 1066 3940 ut
1088 3884 1204 3940 Liberius
1224 3894 1248 3940 et
1270 3887 1443 3952 rltbarrcrsius,
1461 3887 1628 3959 allexander,
1644 3892 1763 3950 Seueria-

961 3989 1051 4034 suaset
1072 3977 1193 4034 Crescens
1213 3978 1308 4050 Africae
1327 3981 1442 4049 episcopi
1466 3982 1490 4036 ei
1516 3985 1636 4055 formales
1654 4002 1762 4043 consen-

961 4073 1046 4128 tirent.
1058 4071 1246 4128 Corrsenseraut
1261 4073 1357 4142 puriter
1374 4072 1397 4129 O
1400 4077 1500 4142 esaeias
1512 4086 1536 4131 et
1547 4077 1695 4136 Germirrius
1706 4083 1761 4152 epi·

960 4181 1055 4239 scopus
1080 4165 1191 4252 Sirmii,
1222 4176 1245 4220 et
1271 4165 1367 4222 Valens
1386 4166 1505 4235 Marsae,
1529 4181 1553 4226 et
1574 4185 1698 4245 quotquot
1729 4194 1762 4233 ex

963 4257 1074 4313 Orientis
1088 4257 1202 4330 partibas
1215 4257 1322 4313 oderant
1335 4260 1458 4331 episcopi.
1473 4260 1527 4317 Sed
1540 4272 1563 4317 et
1573 4268 1761 4338 conspersionem

960 4351 1092 4408 ebiberio
1114 4351 1224 4407 uicissim
1245 4364 1432 4423 susceperuut,
1452 4371 1504 4424 pao
1518 4372 1581 4423 eos,
1597 4361 1642 4426 qai
1659 4357 1684 4413 F
1685 4362 1760 4417 iliunr

960 4444 1104 4501 salutantia
1116 4452 1140 4497 et
1160 4461 1205 4514 per
1220 4447 1305 4498 omnia
1322 4442 1397 4501 Patri
1418 4446 1529 4502 similem
1544 4466 1596 4504 nors
1615 4468 1670 4508 esse
1690 4471 1761 4510 osse·

959 4547 1064 4603 rereut,
1083 4535 1180 4590 alienos
1203 4536 1234 4589 ab
1249 4533 1366 4590 Ecclesia
1381 4539 1563 4604 pronuntiabat
1586 4540 1624 4613 (d)
1630 4581 1685 4598 .....
1708 4545 1758 4604 llis

922 4596 1006 4703 ¹'per
1030 4631 1126 4703 lepotos
1150 4627 1354 4683 Occiderrtalium
1375 4631 1519 4702 confectis,
1542 4634 1683 4697 imperator
1703 4638 1758 4697 Rc-

960 4740 1028 4778 nram
1045 4721 1169 4777 redeundi
1185 4729 1334 4792 potestatem
1347 4721 1417 4793 [ecit.
1435 4720 1603 4796 Scripseram
1617 4729 1695 4787 etiarn
1705 4733 1761 4806 epi·

959 4814 1053 4885 scopi,
1077 4813 1121 4883 qai
1150 4811 1276 4868 Sirmium
1303 4822 1473 4869 concernunt
1495 4815 1530 4870 ad
1554 4815 1690 4894 Felicem,
1714 4829 1759 4897 qai

1287 4992 1311 5049 'S
1338 4997 1343 5015 '
1384 5019 1435 5053 σι.

993 5066 1032 5124 Ἑν
1048 5069 1134 5128 ποίοις
1146 5069 1274 5140 φαίνονται
1290 5015 1460 5146 remptricem
1474 5071 1498 5127 ci
1510 5071 1627 5147 Ῥωμαῖοι
1645 5080 1757 5156 sapand-

956 5157 1025 5215 ‘7⁶'ss

1293 5210 1361 5268 sulz
1381 5235 1442 5275 acac.

996 5282 1053 5341 'Sari
1066 5285 1242 5342 Κωνσταντίου
1256 5233 1378 5360 bcds'pcod³
1387 5284 1401 5338 ὁ
1414 5284 1510 5356 Ῥώμης
1522 5289 1588 5358 μετά
1601 5297 1646 5351 τήν
1664 5295 1690 5350 ἐκ
1709 5309 1757 5364 τῆς

962 5358 1103 5436 ὑπιρορὶας
1121 5355 1258 5421 induebar,
1275 5363 1306 5427 τῇ
1326 5356 1349 5407 s'u
1365 5353 1506 5426 Ἀντιοχιὶα
1520 5358 1648 5422 ἔκτιθείση
1669 5372 1758 5428 πίσω

959 5429 1091 5506 ἐγγράφως
1107 5439 1262 5500 conpascere·
1279 5427 1305 5478 la
1316 5427 1387 5512 piper
1401 5424 1428 5480 δι’
1446 5426 1493 5497 ὁμο
1509 5430 1579 5499 spicari
1603 5423 1665 5510 πάρ’
1677 5442 1757 5499 αὐτοῦ

960 5501 1111 5572 ἒκομεσαντο
1127 5496 1253 5557 Βασίλιιός
1267 5515 1294 5549 τι
1313 5518 1326 5549 o
1345 5497 1482 5571 Αγκύρας,
1499 5501 1543 5554 καὶ
1565 5504 1702 5574 Εὑστάθιος
1717 5525 1760 5571 Σ..

962 5572 1095 5632 ςαστςὶας,
1108 5567 1173 5641 dupe
1189 5573 1238 5639 pria
1251 5569 1294 5619 καὶ
1306 5564 1443 5629 Ἐλιύσιιος
1455 5571 1684 5647 ἀποκηρύττουσαν
1696 5589 1758 5649 τοὺς

960 5647 996 5715 μὴ
1009 5644 1074 5698 κατὰ
1086 5643 1170 5697 serra
1179 5636 1339 5695 'annuorum
1352 5644 1389 5710 τῷ
1401 5645 1483 5717 llarpi
1503 5645 1546 5700 τὸν
1558 5647 1615 5704 rita
1629 5651 1758 5728 Μγοντας.

961 5718 1004 5776 acri
1012 5722 1059 5775 ruis
1071 5713 1201 5774 κοινωνίας
1211 5709 1238 5767 δὲ
1253 5711 1334 5766 αὐτῶν
1347 5712 1376 5765 ori
1387 5707 1530 5772 dulcescas.

1423 5862 1463 5931 10
