3900 6134
142 269 197 329 tus
627 264 796 328 ttuutttts
816 263 957 325 tetractitt
978 262 1024 322 sb
1042 263 1300 340 turanutottus.
1744 274 1796 333 tttd

143 384 240 443 lldeies
253 381 412 455 utrubique
422 382 579 439 dontinctm·
591 384 737 455 impietas?
750 381 945 453 lirpoditenim
959 389 985 450 Α
999 394 1052 449 que
1069 381 1254 447 conscribam,
1274 389 1365 438 tamen
1386 383 1438 438 sibi
1454 397 1561 450 ornrtes,
1572 385 1615 441 ret
1633 400 1666 443 ex
1680 385 1796 457 directo,

144 476 198 534 boc
224 477 349 533 Romanu
370 475 497 545 imperio,
520 476 591 546 quod
619 486 708 530 tarueu
728 475 828 530 rudecto
849 482 878 530 el
893 475 946 528 lide
996 475 1038 527 uel
1060 489 1093 528 ex
1113 473 1222 543 obirpta
1241 479 1466 532 concatenatione
1485 481 1688 535 cnrrtmuuieaut
1701 500 1707 535 :
1722 482 1797 538 inauri

142 568 207 641 eius
219 584 302 641 quarn
320 565 429 624 cbristo
440 568 498 624 beo
522 567 659 625 extribuno
678 567 859 623 obseruantia
879 565 947 621 dici·
995 564 1087 619 studio
1098 566 1323 638 pbilosophorum
1333 568 1639 638 solisdisputatiuuibus
1649 573 1797 643 litigantes,

144 678 221 729 mus,
237 674 266 719 ιιι
279 661 324 734 qui
337 659 477 718 curtatum
498 661 543 735 pie
558 661 716 732 praedicant,
742 662 947 734 persecutiones
997 673 1050 714 nou
1065 667 1094 714 ut
1112 658 1258 716 Cirri=tiani
1273 677 1305 717 eu
1322 661 1469 718 deuotione
1482 666 1656 730 sacramenti,
1671 668 1742 722 alter
1754 666 1796 723 al-

147 765 305 827 mortestpue
314 756 465 824 patiantur,
493 755 529 810 ita
540 764 569 810 nt
584 769 716 825 nusquam
732 755 814 810 liceat
824 753 880 809 lieo
904 753 947 823 pia
998 758 1084 807 terum
1098 753 1171 807 uetur
1185 753 1296 824 irtrpium
1307 753 1476 822 devitautes;
1492 771 1517 811 ut
1530 757 1585 827 iarn
1597 759 1667 814 sicut
1678 761 1704 815 iu
1716 761 1799 817 sclao·

147 848 245 906 altarii
252 846 400 914 collocare,
416 857 463 903 aut
480 856 571 910 certe,
594 862 655 902 ctum
678 846 812 903 collocata
834 844 946 912 luerint,
998 847 1032 903 iis
1046 849 1146 919 ingenii
1161 848 1288 905 videatur
1302 850 1372 906 iuter
1385 866 1433 906 eos
1443 866 1504 908 esse
1517 864 1666 916 certarnen,
1681 872 1734 911 nnu
1748 872 1798 912 au-

146 938 342 998 destruauturl
359 938 418 996 Sub
433 939 515 1010 impio
528 937 623 994 Acbab
638 954 701 1010 rege
727 937 821 1003 lsrael,
848 936 948 993 occisis
997 945 1052 994 tom
1076 954 1154 995 sacra
1169 939 1295 996 defensio
1314 957 1385 998 rerae
1400 943 1560 1014 religionis:
1579 945 1798 1017 ‹prrandurpuidem

145 1033 286 1106 propinetis
300 1032 488 1103 altaribusque
502 1031 662 1097 destructis,
678 1031 834 1102 interpellat
859 1030 948 1086 ilelias
997 1031 1069 1086 inter
1087 1047 1117 1088 se
1133 1044 1303 1089 sacramenta
1325 1049 1378 1090 uon
1399 1047 1536 1107 separant,
1553 1053 1615 1095 curu
1633 1039 1724 1109 impiis
1738 1057 1801 1098 serr·

144 1126 232 1183 licum
246 1125 381 1182 adsersus·
396 1124 490 1191 lsrael,
513 1123 609 1181 diceus
633 1125 658 1179 iu
680 1125 750 1179 libro
764 1123 919 1194 Regnorum
939 1140 946 1178 ι
999 1133 1059 1180 tent
1070 1125 1094 1180 is
1114 1126 1280 1183 abinvicem
1304 1139 1476 1197 separemur.
1502 1129 1558 1185 llue
1572 1142 1663 1187 antem
1685 1132 1802 1188 ideoia-

145 1216 270 1285 bunne,
285 1218 425 1289 propinetur
449 1226 507 1271 tuos
532 1217 691 1284 occiderunt,
718 1217 813 1272 ultoria
836 1227 882 1271 tuo
904 1217 950 1270 de-
999 1218 1084 1285 ciuut,
1100 1219 1286 1288 uprtiauuidaut
1300 1236 1395 1278 eurum
1410 1222 1536 1279 laumense
1560 1225 1666 1296 pluria,
1690 1226 1801 1297 quitiam

144 1319 405 1382 uenustissime
419 1311 525 1365 relictus
535 1326 593 1364 sum
612 1310 695 1376 solus,
716 1319 740 1364 et
752 1318 873 1379 querunt
893 1310 949 1363 uui·
999 1324 1065 1366 uero
1079 1312 1201 1367 auaritiae
1215 1313 1343 1369 student:
1359 1323 1387 1370 et
1402 1313 1466 1371 iride
1480 1327 1522 1370 est
1537 1317 1608 1386 qrrnd
1623 1318 1675 1373 sibi
1686 1319 1800 1374 inuicent

150 1421 223 1461 ιιιιιιι
235 1403 372 1476 mutili
391 1402 471 1475 itaq..
487 1419 544 1471 arx,
563 1402 710 1473 lepitana
733 1403 893 1458 insidiosam
911 1406 951 1456 iu·
999 1403 1051 1458 sab
1068 1404 1148 1473 impia
1167 1405 1385 1462 dissimulatione
1402 1407 1564 1468 eullrulunt.
1586 1421 1616 1465 ut
1631 1426 1681 1465 nec
1695 1427 1804 1483 posses·

150 1497 366 1570 terpettauuneru
390 1495 472 1552 etiam
489 1500 588 1553 uestris
609 1495 779 1567 temporibus
799 1495 890 1550 sinitis
915 1493 950 1550 ad
999 1495 1093 1551 siunes
1104 1496 1219 1566 perdant
1233 1498 1375 1566 scelestae,
1390 1516 1440 1555 uec
1455 1501 1584 1558 iruuorcs.
1601 1502 1635 1558 Ει
1646 1503 1759 1570 interea,
1775 1515 1805 1560 ut

147 1590 236 1647 ιιοιιιιι
249 1588 309 1645 ileri
324 1604 340 1643 a
354 1587 469 1660 siugulis
485 1588 637 1659 nuribusque
651 1585 777 1643 lidelibus
801 1585 952 1643 sacerdoti·
1001 1594 1042 1644 tot
1055 1603 1119 1645 suas
1131 1590 1222 1645 telem
1234 1590 1400 1660 impietates,
1411 1591 1444 1645 aul
1457 1593 1612 1649 illusionem
1624 1596 1802 1666 singulorum,

146 1683 199 1741 bus
213 1683 225 1738 l
240 1683 269 1740 Si
283 1680 357 1739 enim
374 1689 402 1739 el
414 1688 533 1747 mecauri,
558 1680 687 1753 nuruqnid
711 1680 783 1736 lleus
809 1680 867 1736 lraec
892 1679 949 1749 ipsa
1002 1681 1085 1738 ueluti
1097 1683 1298 1750 beuiuuissirnu·
1310 1685 1410 1741 mentis
1421 1686 1521 1742 iusticia
1531 1687 1717 1758 praeferentes,
1729 1691 1806 1747 aium

147 1774 207 1833 lieri
221 1775 352 1844 ipnontl
377 1773 448 1843 Quid
469 1785 606 1845 putamus,
633 1773 705 1845 qaod
721 1774 781 1829 siue
800 1772 950 1829 oiletrsinue
966 1772 1066 1839 Rideo
1090 1789 1122 1830 se
1148 1778 1230 1832 etiam
1255 1779 1392 1833 cumraria
1408 1779 1589 1836 sentientibus
1611 1783 1805 1838 ecclesiasticae

148 1865 198 1923 bei
211 1865 561 1923 itsrciuuernscatbolicos
576 1874 604 1921 et
625 1866 652 1922 iu
667 1880 759 1922 teratu
783 1865 842 1936 ejus
857 1865 951 1922 Ecelc-
1000 1867 1201 1923 corrrmuniuuis
1222 1871 1362 1926 crrttsurtio
1387 1870 1524 1941 copulari,
1548 1886 1582 1925 ue
1608 1872 1708 1927 brunum
1730 1872 1806 1943 pacis

147 1959 218 2016 slata
232 1968 434 2030 perpetrentur,
462 1960 600 2030 tpuaeollttt
630 1959 761 2016 aduersus
784 1973 880 2014 seratis
902 1959 950 2015 ttet
1002 1958 1029 2012 in
1042 1958 1164 2015 Ecclesia
1177 1969 1279 2030 pereat.
1290 1963 1373 2029 Quasi
1385 1979 1450 2018 vero
1465 1962 1619 2033 liutiusmudi
1632 1978 1683 2034 pax
1695 1962 1806 2019 Christo

148 2064 307 2126 perpetrata
339 2053 498 2125 praebetote
533 2054 633 2111 diuinis
667 2053 951 2112 animaduersionibus
1001 2049 1191 2121 Deoplaceat,
1211 2054 1313 2124 quaein
1335 2053 1395 2125 ejus
1419 2054 1570 2109 Ecclesiam
1595 2063 1685 2111 tatttas
1708 2053 1807 2124 recipit

148 2145 289 2205 uindicate
303 2147 384 2203 santi
398 2147 432 2203 Et
443 2146 516 2205 uude
530 2156 595 2204 sam
606 2156 647 2203 tut
658 2149 755 2220 plapae,
767 2146 952 2220 quibusorbis
1002 2140 1166 2212 impietates.
1182 2143 1235 2199 Sed
1252 2144 1304 2199 luoe
1318 2145 1364 2215 qiu
1379 2145 1416 2200 ita
1430 2155 1533 2216 poterut,
1550 2147 1560 2177 ¹
1576 2145 1689 2199 autiiant
1700 2144 1756 2200 dest
1767 2146 1807 2200 ri·

149 2235 293 2294 Romarm
302 2239 424 2309 quatitur
439 2248 466 2295 et
483 2238 618 2312 argutari
642 2237 703 2294 Non
730 2255 799 2310 epus
823 2250 866 2296 est
879 2252 952 2294 nttuc
1001 2244 1076 2306 ptum
1092 2252 1099 2288 :
1116 2234 1151 2290 lit
1170 2237 1238 2292 oium
1255 2237 1328 2304 pacis
1343 2254 1394 2291 uun
1409 2249 1592 2308 copuotreruut,
1608 2253 1660 2291 nuru
1678 2246 1716 2292 est
1730 2238 1806 2290 tiutor

148 2345 202 2387 uos
215 2331 322 2403 singula
335 2346 452 2403 queque
465 2332 770 2403 plegarnanrcceusere,
797 2346 858 2403 qum
879 2340 952 2386 tran·
1002 2327 1051 2384 tter·
1064 2338 1123 2385 aute
1143 2331 1234 2387 oeulos
1250 2347 1342 2386 eorum
1366 2331 1452 2402 (Psoi.
1471 2348 1529 2397 stur,
1550 2329 1591 2402 5).
1612 2329 1666 2387 Sed
1686 2332 1808 2401 apertius

145 2424 271 2498 quiliitas
282 2434 372 2482 sesua
388 2426 560 2497 mcopnuucu
572 2440 634 2482 carn
649 2433 716 2481 aestu
728 2433 757 2481 et
767 2422 952 2485 sollieitudine
1002 2437 1109 2493 numae
1127 2433 1155 2478 et
1171 2422 1243 2493 apud
1262 2423 1426 2480 iliereruinut
1443 2424 1559 2497 legimus
1571 2424 1581 2456 ¹
1593 2426 1628 2481 de
1644 2440 1710 2496 paee
1724 2425 1808 2495 lupia

146 2518 259 2588 inperii
274 2518 327 2574 sui.
341 2514 520 2574 Communem
534 2517 615 2573 istum
632 2517 757 2574 dolorem
778 2515 823 2572 uel
837 2516 952 2572 tacendo
1002 2523 1030 2570 ct
1044 2514 1146 2583 iniqua,
1160 2515 1230 2571 sicat
1249 2521 1407 2588 exsequitur
1429 2517 1615 2574 testimouium
1632 2519 1805 2589 subjectum:

149 2609 319 2681 mitigemus,
334 2624 371 2666 tte
383 2623 438 2665 nou
462 2617 519 2664 tam
532 2608 664 2678 compati,
688 2623 770 2680 quant
793 2608 953 2667 exulcerare
1003 2604 1026 2660 A
1039 2607 1135 2677 pusilio
1145 2623 1234 2662 eorum
1245 2609 1369 2678 usquead
1380 2625 1514 2678 struprum,
1526 2611 1614 2664 cuncti
1624 2620 1808 2682 perpetrarunt

147 2704 303 2761 rideantur,
1004 2698 1104 2770 utiquc,
1119 2701 1370 2774 sacerdotemque
1380 2705 1414 2757 ut
1424 2702 1686 2776 pseudoprophetam,
1696 2705 1810 2759 suioerst'

182 2793 294 2852 mli.
326 2797 334 2827 ¹
357 2794 414 2852 linc
427 2810 595 2867 sumamus,
621 2796 737 2869 piissimi
759 2796 951 2867 imperatores,
1003 2793 1104 2863 operati
1116 2795 1264 2866 onustatae,
1278 2804 1303 2850 et
1314 2794 1525 2850 ‘meditabuntur
1541 2797 1705 2852 obtritionem
1717 2797 1809 2870 populi

150 2889 273 2961 cogitare
300 2887 459 2959 dignemini,
484 2888 584 2959 quibus
608 2903 641 2945 ex
666 2889 756 2945 causis
778 2889 830 2945 ista
858 2904 953 2960 prore·
1004 2886 1065 2952 mei,
1076 2902 1124 2956 pro
1139 2886 1221 2941 uitriio
1237 2888 1419 2945 constituentes
1430 2897 1454 2943 et
1477 2889 1602 2955 dicerttes,
1615 2887 1683 2956 Pus,
1702 2906 1770 2961 pus,
1784 2897 1808 2944 et

149 2982 236 3038 uiant.
253 2980 350 3039 Utrum
364 2983 429 3052 unia
443 2980 537 3038 fideles
563 2981 636 3037 serti
661 2981 773 3051 Citristi,
798 2991 954 3040 metuentes
1004 2977 1048 3033 uti
1063 2990 1101 3032 est
1112 2995 1166 3048 titt
1180 2978 1261 3053 (ltin
1280 2996 1317 3046 tt,
1333 2981 1397 3052 ibt?
1413 2981 1448 3037 El
1462 2982 1655 3038 intendendum
1670 2993 1712 3040 est
1726 2998 1808 3055 titiam

149 3073 353 3147 brutianus,
374 3073 472 3131 uolunt
484 3088 546 3129 cunt
566 3073 720 3130 infidelibus
734 3074 893 3141 convenite,
919 3089 953 3129 an
1006 3072 1107 3128 atrocia
1120 3072 1155 3129 dc
1170 3074 1223 3129 illis
1238 3087 1427 3145 prosequatur,
1445 3078 1492 3144 tutti
1514 3077 1565 3134 bac
1580 3079 1724 3133 cautissima
1743 3094 1810 3149 paco
1889 3124 1892 3129 .

148 3167 283 3240 muneri
299 3166 455 3224 atuaticis
479 3167 555 3223 lalsis
570 3166 758 3224 sacerdotibus
784 3167 956 3223 obterantur.
971 3163 994 3227 C
1010 3164 1171 3235 gloriantur.
1184 3164 1312 3238 Seurrirur
1322 3168 1411 3223 euim:
1429 3167 1538 3237 Curtium·
1552 3179 1614 3225 suut
1626 3171 1748 3242 purnium
1761 3171 1808 3226 de-

151 3260 295 3330 Qnomodo
313 3261 387 3317 enim
408 3274 463 3318 uon
476 3258 537 3315 laisi
563 3261 720 3316 sacerdotes
739 3271 804 3314 sum
825 3261 871 3331 qui
893 3261 951 3331 jam
1005 3260 1130 3328 imnum,
1147 3269 1171 3315 et
1185 3276 1217 3315 ue
1229 3261 1267 3314 sie
1279 3261 1809 3331 quidemcontusionemsustbreutescou·

148 3369 205 3411 ιιοιι
218 3353 308 3410 solunt
320 3352 357 3408 ob
368 3367 478 3409 causam
491 3351 725 3423 prevaricationis
738 3367 820 3422 supra
843 3353 954 3420 etpost·
1004 3359 1129 3404 renuunt
1140 3391 1149 3415 ,
1160 3361 1184 3407 et
1194 3352 1364 3423 ipnouuniuut
1378 3369 1450 3407 suunt
1467 3370 1519 3408 trun
1538 3363 1723 3424 eopuoueruut.
1738 3352 1806 3408 Pro-

149 3456 205 3504 tstu
218 3445 359 3504 deriumli
373 3454 448 3511 sunt,
463 3444 511 3501 sed
531 3447 612 3501 etiam
624 3443 698 3516 quud
723 3443 830 3515 plurimi
854 3444 954 3515 natique
1005 3453 1094 3513 pterea
1108 3444 1199 3498 eudem
1213 3446 1240 3498 iu
1259 3445 1339 3499 ruine
1358 3461 1415 3513 suu,
1430 3456 1455 3500 et
1474 3448 1628 3516 intempore
1651 3447 1807 3503 visitationis

149 3555 246 3598 eorum
263 3537 390 3611 proprias
403 3540 486 3594 etiarn
506 3551 579 3593 naue
604 3535 724 3592 lraereses
747 3535 887 3591 viridicant
902 3535 954 3590 sub
1005 3536 1209 3606 infirmabuntur
1224 3535 1383 3609 (littus).

152 3634 285 3692 ementita
297 3632 369 3707 apud
392 3647 441 3688 rus
468 3631 595 3688 catlrulici
620 3630 739 3687 nominis
763 3630 954 3702 protessiouet
1041 3625 1162 3682 bittit.
1178 3626 1249 3696 Quid
1263 3629 1325 3683 mali
1339 3631 1547 3696 committimus,
1561 3632 1625 3699 urtid
1645 3632 1730 3705 impie
1744 3635 1807 3691 laei-

150 3726 218 3797 Quis
232 3725 307 3787 oraim
319 3724 376 3798 istu
390 3724 484 3781 titucat
494 3725 685 3796 opiscoporum
699 3722 780 3793 impin
793 3723 953 3793 praedicare,
1006 3733 1075 3783 mus,
1090 3720 1113 3774 si
1126 3730 1268 3777 seruantes
1281 3721 1361 3777 tidem
1371 3719 1480 3778 Citristo
1492 3723 1646 3795 lruprsruodi
1660 3741 1753 3797 pacem
1767 3742 1808 3783 re·

150 3836 214 3878 caan
227 3819 310 3877 tutes
323 3819 471 3876 commissa
502 3816 628 3887 inpietas
651 3816 781 3873 bonorata
805 3824 868 3884 est,
890 3831 953 3870 curu
1005 3825 1145 3882 spuamus,
1161 3811 1459 3884 cujustantacouiusio
1472 3826 1501 3871 et
1517 3817 1807 3888 ipnoruiuirprauissi-

150 3913 266 3970 minime
277 3909 405 3982 dejicitur
419 3909 597 3966 macedonio?
615 3908 738 3979 lienique
752 3922 814 3964 curu
837 3907 892 3962 sint
906 3905 955 3964 alii
1005 3906 1097 3978 mique
1110 3907 1201 3963 esitus
1218 3907 1426 3965 deseribuntur?
1447 3910 1542 3967 Sedet
1557 3911 1601 3968 isti
1613 3913 1716 3984 egregii
1733 3916 1806 3984 pacis

150 4019 250 4063 eornm
264 4001 437 4076 origenista,
452 4002 499 4058 alii
523 3998 820 4071 anthropomorphitae,
836 4000 880 4054 aiii
906 4013 955 4054 au·
1004 4011 1139 4057 amatores
1163 4000 1289 4058 lidelibus
1311 4003 1496 4060 sacerdotibus
1521 4005 1621 4062 bellom
1657 4007 1804 4080 exagitant.

152 4109 213 4156 tent
236 4094 399 4166 bouttiurrts
421 4094 499 4166 impii
525 4105 628 4151 sectam
651 4102 775 4160 tuentes,
800 4101 827 4149 et
852 4092 954 4162 triplici
1005 4093 1075 4161 Quid
1104 4094 1176 4151 enim
1200 4095 1259 4152 tait
1281 4096 1416 4160 diabolas,
1438 4115 1519 4169 uuam
1538 4111 1567 4156 ut
1593 4101 1667 4173 impii
1691 4114 1716 4159 et
1737 4119 1807 4174 proc·

152 4190 300 4250 mneoatii
313 4191 445 4246 adsersus
458 4199 582 4245 sanctum
595 4187 847 4259 Spiriturnditersis
858 4186 955 4242 studiis
1005 4188 1172 4245 varicatores
1192 4191 1285 4245 seculi
1303 4206 1369 4259 paca
1382 4192 1554 4263 glorientur?
1570 4194 1640 4264 Qurid
1661 4197 1732 4252 etnim
1749 4199 1807 4254 unte

152 4284 387 4354 blasphemantes.
405 4281 460 4340 Sed
480 4291 509 4338 et
531 4281 581 4352 ipsi
601 4295 720 4352 quoque,
748 4279 793 4351 qui
819 4279 862 4350 pie
885 4280 955 4335 inter
1006 4279 1141 4347 diabolus,
1157 4297 1237 4353 quiam
1253 4283 1319 4338 utlri
1334 4286 1378 4356 qui
1395 4285 1429 4355 pii
1445 4295 1509 4341 sunt
1524 4295 1552 4341 et
1567 4287 1661 4344 ildeles
1675 4289 1805 4346 intestan-

153 4393 206 4437 eos
219 4387 346 4448 puterttur
360 4376 487 4441 credere,
501 4375 589 4431 Patris
602 4382 630 4430 et
643 4373 702 4430 Filii
726 4382 754 4430 et
763 4371 881 4442 Spiritus
892 4389 954 4429 san·
1006 4372 1073 4426 sium
1089 4375 1278 4444 persecutione
1291 4377 1442 4432 veteratur?
1457 4376 1519 4432 llaec
1533 4378 1594 4433 ideo
1609 4384 1743 4449 prosecuti
1759 4397 1806 4438 su·

151 4472 194 4530 cti
208 4481 264 4527 tres
274 4486 335 4528 esse
349 4469 516 4527 substantias
527 4467 705 4532 vindicantes,
723 4467 764 4522 rel
780 4476 951 4537 respuentes,
1005 4480 1077 4533 ntus,
1095 4481 1129 4520 ue
1148 4481 1197 4536 per
1211 4477 1329 4523 uestram
1346 4467 1525 4538 ignorantiam
1536 4468 1584 4525 diu
1598 4468 1726 4527 intrudatur
1739 4489 1804 4529 sau·

151 4561 334 4620 nibilominus
353 4562 380 4617 bi
394 4574 491 4616 ornnes
503 4558 539 4616 do
561 4556 659 4616 restris
672 4557 822 4629 gloriantur
843 4559 951 4624 edictis,
966 4557 1064 4628 liguris
1077 4555 1294 4614 Christianorum
1320 4558 1462 4629 pristinam
1484 4559 1565 4616 iidem
1588 4561 1803 4621 defendentium.

151 4666 183 4711 ct
194 4652 249 4709 sibi
263 4651 398 4709 Ecclesiae
419 4651 568 4718 uturdicuu,
592 4664 653 4706 caru
668 4647 717 4705 itas
743 4648 842 4720 irupias
866 4659 954 4706 sectas
1005 4649 1075 4717 Quid
1092 4650 1164 4706 eninr
1180 4652 1300 4722 prodest,
1316 4651 1339 4707 si
1360 4653 1420 4708 sitis
1437 4651 1579 4710 catltolicae
1594 4653 1654 4711 [idei
1671 4658 1806 4726 uindices,

153 4748 346 4822 patrcsuostri
356 4746 624 4819 setnpcrapostollca
637 4755 667 4801 ct
686 4744 842 4816 cvartpclica
862 4753 955 4800 aucto·
1005 4751 1033 4797 ct
1058 4746 1195 4810 patiaruiui
1217 4746 1357 4802 catharticae
1380 4748 1441 4803 lirici
1464 4758 1611 4804 sectatores
1624 4751 1723 4824 ubique
1743 4771 1806 4810 crtt-

153 4842 237 4897 ritate
250 4839 451 4895 damnareriut.
463 4839 537 4907 Quos
551 4837 660 4910 quridcm
672 4852 743 4892 stunc
755 4837 891 4893 discutere
900 4851 954 4892 utun
1005 4836 1089 4891 clarii
1109 4839 1208 4908 ubique
1223 4837 1355 4907 effugari?
1373 4856 1503 4911 nusquam
1526 4843 1610 4900 libere
1631 4847 1701 4915 piam
1725 4849 1805 4906 tidem

152 4945 200 4992 est
211 4935 354 5005 praesentis
365 4932 489 5005 opusculi
503 4948 511 4987 :
525 4933 572 4989 sed
586 4939 690 4987 larrium
704 4931 776 5003 quod
801 4938 909 4987 irrorent
920 4928 955 4986 ad
1006 4930 1168 5002 pradicant
1188 4931 1310 4990 ilabeaut
1330 4933 1369 4988 itli
1390 4935 1518 4992 basilicas
1536 4952 1604 4993 auro
1618 4951 1806 5008 coruscantes,

154 5027 297 5086 lsorroretn
312 5029 447 5086 intentum
459 5042 530 5085 uerae
544 5025 607 5083 lidei
620 5025 740 5081 animum
760 5034 897 5093 restrum,
913 5023 955 5079 di·
1007 5024 1242 5096 pretiosoraunpue
1269 5041 1433 5083 marmorum
1462 5031 1610 5088 arrrrbuione
1625 5038 1744 5099 uestitus,
1762 5031 1805 5089 rel

152 5120 253 5178 mmm.
1009 5128 1115 5176 erectas
1128 5121 1324 5188 magruiioeutia
1343 5121 1547 5190 colurnnarurrt;
1564 5125 1679 5181 babeant
1696 5139 1806 5195 uuopts

195 5212 443 5282 bisintinum
464 5214 616 5284 opinamur,
633 5212 748 5269 haeresis
767 5210 838 5284 apud
854 5209 955 5266 ilriuti·
1009 5219 1151 5280 porrectas
1176 5213 1202 5267 in
1218 5210 1326 5284 inruptum
1343 5215 1530 5283 possessiones
1552 5217 1587 5270 ub
1602 5231 1669 5283 uuas
1690 5228 1716 5269 ct
1738 5215 1806 5272 filies

154 5321 223 5364 nuru
243 5309 295 5361 sub
310 5305 439 5362 barreticu
463 5321 529 5377 rege
549 5314 675 5377 suscepta
695 5316 749 5372 est,
763 5314 791 5361 et
813 5319 885 5360 rruruc
906 5303 957 5359 sub
1009 5303 1113 5375 integra
1130 5305 1280 5374 periclitata
1299 5316 1340 5359 est
1355 5324 1362 5358 :
1379 5307 1443 5375 uuirt
1458 5309 1539 5362 etiarn
1554 5307 1609 5361 suis
1625 5307 1808 5375 impietatibus

154 5400 237 5456 tobis
251 5397 304 5469 piu
317 5398 462 5456 catholicis
481 5399 693 5469 imperatoribus
709 5407 749 5454 tot
763 5397 882 5455 hareses
897 5397 957 5453 tin·
1012 5397 1152 5453 sinrdirant
1167 5413 1325 5453 cumanuncs
1338 5397 1468 5453 Bruttianis
1482 5402 1607 5456 omuibus
1629 5401 1763 5468 ciuitates,
1780 5411 1810 5459 ut

153 5493 293 5561 dicantur,
307 5506 361 5548 non
375 5492 668 5566 minuslrrtpiae,qaam
680 5500 723 5549 est
741 5492 800 5548 ttrtt
821 5491 955 5561 impietas.
1013 5491 1150 5548 neminem
1173 5490 1200 5547 in
1223 5489 1266 5544 bis
1289 5490 1332 5562 pie
1346 5491 1438 5547 viuere
1459 5493 1625 5565 permittant,
1640 5495 1667 5553 in
1681 5499 1811 5570 qtribnsa

154 5587 193 5646 lit
205 5602 270 5646 cunt
284 5586 415 5645 adsersus
427 5601 458 5645 se
471 5586 558 5645 libros
577 5586 619 5645 rel
636 5585 768 5659 epistolas
783 5585 882 5658 singuli
896 5584 958 5657 qui·
1013 5587 1137 5660 plurimis
1149 5586 1232 5643 etiarn
1246 5599 1313 5640 tana
1327 5586 1487 5656 superstitio
1497 5587 1557 5646 siue
1570 5593 1692 5662 periculo
1701 5597 1810 5663 colitur,

195 5709 204 5741 ¹
221 5705 274 5764 Ιι.
292 5704 347 5762 Sed
359 5705 407 5762 itoe
425 5721 585 5778 uueersmus.
1049 5702 1060 5734 ³
1079 5702 1129 5758 lis.
1145 5700 1186 5757 lle
1198 5715 1230 5757 eu
1243 5715 1306 5784 paee
1317 5699 1421 5786 impie·

194 5782 203 5813 ¹
218 5777 270 5838 Hs.
282 5776 396 5835 Meu
408 5778 441 5836 de
454 5794 483 5834 re
492 5777 627 5849 seriptum
1050 5772 1061 5804 ι
1080 5772 1172 5843 turn,
1188 5769 1400 5842 medantum
1413 5789 1441 5834 tu
1454 5773 1580 5850 Vulgata,
1594 5779 1729 5838 rursiam.

316 5871 456 5937 tumus.
490 5869 579 5936 xlii.
1519 5870 1540 5935 b
