3900 6134
153 248 189 306 tt
760 251 940 312 uclstotct
958 254 1004 313 ΕΤ
1022 254 1195 318 occaect.
1770 267 1805 326 i8

152 364 254 432 idest,
280 378 376 421 omues
392 362 533 434 episcopi,
549 364 685 438 prtccipue
699 374 773 423 tuum
792 372 893 425 mereri
908 368 956 426 dc·
968 373 994 433 A
1006 372 1196 442 cpiscoporum.
1209 401 1246 416 -
1269 373 1363 431 tutu.
1390 375 1431 432 lie
1452 393 1503 432 ιιι
1525 379 1695 436 terminandis
1716 382 1803 438 cauria

152 456 254 514 bemtm
272 455 413 526 iudicium,
434 464 463 513 et
481 450 589 513 non'ab
611 457 673 514 aliis
694 459 827 516 deuorari.
856 461 953 517 bierito
1008 463 1294 537 episcoporamabraue
1308 469 1460 524 auctoritate
1476 469 1590 527 Romani
1613 475 1754 544 pontificis.
1766 505 1803 518 --

156 563 226 620 ergo
250 547 418 604 nosliomioi
445 563 525 604 causa
545 550 654 618 respicit
675 550 849 618 sacerdotes,
873 555 896 609 sl
917 552 954 608 si·
1005 552 1075 609 xlii
1104 556 1136 612 Si
1152 559 1290 627 episcopus
1308 576 1324 613 a
1339 564 1612 632 comprovincialibus
1627 568 1802 622 uelametra·
1873 553 1878 558 ⁸

157 640 242 697 lentio
264 639 403 695 lateamus
420 640 509 696 errori
531 638 606 712 (Cal
622 657 665 710 ep.
692 642 758 697 lad
772 641 885 715 Gallos)
910 644 954 701 st·
1005 645 1119 715 politano
1141 650 1250 703 senserit
1274 666 1301 703 se
1325 654 1538 719 praegravam-
1502 654 1611 709 -.ttx
1635 655 1676 711 De
1691 657 1803 731 juditiis

156 734 263 807 quidem
287 733 473 804 corripiantur
502 732 673 803 instiusmodi,
707 751 758 792 nec
779 737 814 791 sit
836 736 950 792 liberum
1004 737 1801 819 episcoporum,etdetcmpaſtreconaerroadpreparandum

153 828 205 892 eis,
228 841 276 897 pro
291 825 533 882 uoluuntateiaccre
552 826 697 895 iudicium.
720 828 831 883 Desinat
846 828 952 886 suauitas
1004 831 1394 898 etcorraparaudnm.-XX1.
1411 833 1598 907 cejnutcttns
1620 847 1644 892 et
1668 848 1803 896 accusato-

151 919 290 978 incessere
305 929 468 977 vetustatem
482 920 504 985 ¹,
515 920 623 976 desinat
636 921 818 978 Ecclesiamm
831 923 951 993 quietem
1002 920 1083 986 ritus,
1103 921 1192 993 quales
1205 923 1313 978 debeant
1326 941 1390 980 esse.

150 1011 309 1082 inquietudo
323 1013 443 1068 turbare.
458 1011 526 1068 itum
539 1022 569 1068 ut
581 1028 676 1070 omncs
690 1013 893 1084 metropolitani
909 1015 950 1073 uel

117 1104 124 1113 '
149 1104 245 1174 reliqui
268 1104 392 1175 episcopi
406 1103 529 1160 suaodia
552 1114 598 1160 ιιι
619 1106 756 1162 vindictas
780 1108 808 1163 in
829 1109 950 1179 reliquos

153 1199 298 1268 episcopos
338 1211 469 1273 eaerccra
508 1202 561 1254 n'on
596 1199 722 1266 ualeant,
761 1200 821 1256 idco
861 1200 949 1256 tronti·

150 1290 236 1344 natirn
260 1289 287 1344 in
307 1287 415 1344 Nicana
439 1289 545 1360 synodo
568 1290 691 1362 expressi
716 1301 778 1346 sunt
804 1293 946 1363 primates,

151 1382 198 1452 qui
223 1381 341 1451 reliquos
357 1380 504 1452 episcopos
524 1381 618 1438 audire
630 1395 658 1439 ct
679 1383 804 1453 judicare
818 1384 948 1455 debeant,

151 1488 187 1528 ue
202 1472 256 1527 ulla
271 1471 344 1526 lraus
360 1471 388 1527 in
406 1470 510 1542 iudicio
524 1473 714 1546 episcoporum
729 1477 815 1546 possit
831 1476 946 1533 ἱιιιιιι.

150 1561 206 1618 Vos
220 1577 296 1634 ergo,
307 1563 352 1634 qui
369 1563 397 1618 in
410 1577 516 1619 ιιιιιιιι
529 1564 638 1635 specula
653 1565 739 1636 gratia
752 1565 801 1621 lici
816 1568 882 1622 estis
898 1581 946 1638 po·

150 1659 206 1721 siti.
221 1658 362 1729 auerrdere
376 1673 425 1715 eos
439 1667 468 1715 et
481 1661 638 1729 opprimere
651 1669 777 1729 opmtet,
792 1662 877 1731 quiin
892 1659 948 1716 lra-
1035 1656 1145 1712 Sacram
1161 1669 1278 1714 vestram
1293 1660 1450 1733 synodicam
1466 1664 1610 1730 epistolam
1626 1708 1633 1732 ‚
1659 1682 1707 1738 per
1726 1682 1791 1739 gra·

151 1760 208 1807 tres
222 1751 371 1807 seditiones
383 1760 411 1809 ιι
424 1752 554 1808 seandala
569 1755 693 1809 excitant
704 1753 810 1826 (stapla.
823 1753 947 1810 barensis
963 1749 1065 1818 Βιὶιιι
1078 1751 1166 1806 sancti
1180 1753 1314 1822 Spiritus,
1337 1766 1363 1809 ιι
1377 1756 1433 1810 beo
1449 1757 1578 1825 placitum
1595 1760 1714 1817 studium
1730 1776 1797 1818 con·

152 1845 189 1898 ad
201 1861 259 1915 spu.
275 1843 365 1900 Later.
380 1860 443 1900 ann.
459 1843 535 1917 otu).
551 1844 667 1917 ideoque
681 1861 836 1911 exoramus,
854 1857 883 1903 ot
897 1848 948 1902 mi·
1001 1846 1144 1913 scriptam,
1156 1855 1255 1899 uestra
1269 1861 1284 1900 a
1297 1846 1352 1902 lico
1369 1848 1536 1903 lrorrorandac
1549 1856 1702 1909 snrtctitntls
1714 1855 1800 1925 gratia

149 1937 225 1996 nime
249 1938 409 2009 despiciatis
441 1938 604 1996 barnilitatis
635 1948 737 1995 trustra
769 1947 798 1996 ct
827 1941 949 1997 ninnium
1000 1934 1119 1990 libnulnt
1144 1937 1335 2006 suscepimus,
1364 1948 1446 2009 atque
1476 1942 1610 1997 instanter
1636 1944 1663 1998 in
1691 1945 1798 2016 synodo

151 2032 328 2088 orientalium
350 2032 565 2089 amandemus-nm
592 2033 764 2090 sacerdotnm
788 2044 816 2090 et
833 2035 951 2107 populo.
1000 2027 1110 2082 recitati
1124 2043 1171 2097 per
1187 2030 1291 2098 sirtgnla
1303 2029 1452 2097 jussimus,
1466 2041 1494 2086 ιι
1507 2047 1604 2088 ornnes
1617 2033 1720 2088 intente
1735 2036 1796 2103 eius

149 2140 211 2181 rum
225 2124 389 2183 afflictiones
402 2128 431 2196 ¹,
456 2134 484 2182 m
503 2125 714 2198 deprecationes
736 2144 797 2184 cnm
821 2129 949 2201 lacrymis
1000 2120 1130 2190 colligere
1145 2122 1227 2176 verba
1243 2122 1440 2191 precepimus:
1463 2138 1545 2194 super
1556 2139 1618 2195 quta
1632 2126 1696 2180 dum
1712 2126 1798 2184 lactari
1865 2125 1868 2131 ’

147 2217 276 2284 oblatas,
297 2215 345 2273 sed
359 2217 431 2273 sicut
446 2217 590 2273 luminaria
607 2219 735 2275 uruiverso
750 2217 873 2287 mundo,
888 2232 950 2274 ιιι·
1000 2209 1180 2281 sperabamus
1205 2223 1233 2267 θῑ
1253 2211 1450 2281 cupiebamus,
1473 2229 1550 2270 iiiii
1574 2224 1616 2270 0⁸¹
1641 2217 1669 2271 ¹¹¹
1695 2215 1799 2274 lucium

147 2308 290 2366 humilta
306 2310 478 2378 retinentes,
502 2311 674 2368 introductas
686 2311 849 2382 extinguite
870 2319 948 2367 lena·
999 2304 1104 2360 cithara
1125 2316 1236 2373 nostra,
1257 2306 1380 2361 cantatio
1400 2306 1428 2361 in
1448 2307 1649 2377 plorationem,
1671 2318 1699 2364 ct
1718 2325 1800 2369 omne

146 2400 212 2458 bras
243 2400 503 2457 nefandissimorum
533 2402 745 2468 insidiatorum,
780 2402 948 2473 temporibus
999 2400 1084 2454 totius
1097 2399 1196 2471 synodi
1218 2399 1345 2470 gaudium
1361 2399 1389 2455 in
1406 2414 1550 2455 maerorem
1572 2402 1734 2457 translatum
1754 2411 1797 2461 est

145 2492 230 2549 eliam
244 2493 346 2548 nostris
362 2493 516 2564 procaciter
528 2493 717 2565 germinatas,
736 2506 872 2563 alrammus
888 2485 948 2550 ion·
999 2488 1071 2560 (inl.
1085 2489 1169 2562 atti:
1190 2490 1252 2562 quia
1277 2505 1330 2548 aron
1355 2490 1504 2555 decuerat,
1535 2502 1564 2547 ut
1584 2490 1611 2548 lui
1630 2493 1677 2563 qui
1695 2509 1796 2562 corpus

146 2586 220 2642 ditus
235 2587 370 2643 exstincta
386 2585 544 2657 hujusmodi
556 2587 686 2656 caligine,
701 2586 798 2643 luciler
811 2588 891 2643 nubis
904 2602 950 2644 re·
998 2579 1100 2635 Christi
1124 2580 1245 2651 lluulidte
1264 2584 1372 2652 propriu
1389 2582 1540 2638 conficiunt
1555 2599 1603 2639 ote
1615 2583 1658 2657 (S.
1677 2584 1752 2642 Hier.
1767 2587 1797 2642 in
1813 2663 1818 2671 Ι

145 2678 291 2750 splendent
306 2693 355 2750 per
371 2694 437 2746 tos,
454 2679 628 2734 sanctissime
643 2688 734 2747 pater,
750 2689 777 2734 et
791 2678 946 2748 dogmatica
998 2687 1040 2740 ep.
1056 2674 1090 2726 ad
1105 2671 1310 2746 Nepotianum),
1335 2684 1437 2729 latitant
1453 2687 1613 2745 paterentur
1627 2679 1797 2746 persecutio·

146 2770 272 2827 definitio
286 2770 387 2840 ubique
401 2784 498 2826 omrres
512 2768 752 2841 tntittcansqnam
768 2770 880 2839 gloriosi
895 2771 948 2826 Ep.
999 2777 1073 2828 uem,
1087 2768 1215 2835 matriniam
1233 2765 1363 2822 Dotrrlnus
1378 2766 1449 2822 Deus
1465 2780 1560 2824 noster
1575 2768 1690 2824 salutem
1704 2770 1796 2840 proni·

145 2863 240 2919 clesise
253 2871 356 2918 sancta
371 2872 462 2931 patres
484 2877 533 2933 per
546 2862 655 2931 propria
672 2864 793 2932 piissima
818 2863 946 2933 dogmata
998 2856 1067 2913 dens
1085 2859 1194 2925 generis
1215 2858 1341 2927 harmasti,
1363 2861 1501 2916 mandauit
1516 2862 1726 2946 persecutiones
1740 2877 1795 2917 non

147 2953 175 3010 in
200 2963 310 3009 aterna.
334 2953 397 3010 virae
425 2953 531 3010 lin-mam
557 2952 748 3011 haereditatem
780 2956 946 3027 pemmonem
998 2948 1067 3011 lieri,
1085 2949 1571 3019 neuoclluctuationesinlerri,ncc
1589 2953 1796 3010 inuiderllabo·

147 3055 310 3105 noscantur.
998 3041 1122 3097 carnibus
1149 3043 1175 3098 in
1202 3059 1269 3114 agro
1295 3045 1449 3113 dominico,
1478 3062 1566 3117 ncqtte
1588 3047 1795 3115 dispensatores
1848 3092 1852 3096 .

1006 1055 1256 1114 Reverendlssintis
1270 1071 1350 1131 atquc
1365 1060 1551 1120 dilectissimis
1566 1063 1706 1133 iratribus,
1719 1032 1803 1123 Alba-

1043 1150 1121 1205 nasio
1144 1160 1172 1205 et
1194 1153 1330 1208 uruloensis
1354 1153 1563 1226 AEgyptiorunr,
1587 1157 1800 1230 tuebatunrnn,

1037 1241 1187 1314 Libyorurn
1200 1247 1348 1316 episcopis,
1362 1249 1389 1302 in
1400 1260 1493 1304 sartcta
1502 1250 1684 1307 Alexandrina
1697 1255 1803 1325 tyrroda

1038 1350 1169 1406 congrega
1164 1337 1219 1399 nis.
1232 1337 1306 1397 Felix
1321 1339 1398 1394 altnae
1411 1340 1541 1396 Rornanse
1555 1344 1629 1399 urbis
1643 1354 1670 1399 et
1693 1347 1802 1402 urtivcr·

1036 1428 1101 1483 solis
1117 1429 1245 1486 Ecclesiae
1269 1433 1423 1502 episcopos,
1446 1444 1474 1489 et
1487 1446 1580 1491 sancta
1595 1438 1726 1508 syrrndns,
1740 1455 1805 1521 qum

1036 1518 1174 1575 inutilem
1200 1521 1312 1580 [lotnum
1335 1526 1479 1591 convenit,
1496 1526 1523 1580 in
1539 1527 1654 1583 lbornino
1669 1530 1797 1586 salutem.

186 3138 349 3196 incolumem
365 3148 393 3196 ts
406 3148 434 3196 et
452 3138 652 3210 beneplacitum
669 3141 726 3197 [ten
739 3140 861 3214 (semim
874 3140 939 3214 cyp,
956 3130 980 3195 C
996 3136 1084 3205 magui
1103 3136 1174 3206 regis
1195 3138 1286 3191 uetari
1307 3147 1355 3193 aut
1378 3138 1488 3210 expelli.
1520 3139 1678 3207 Quiescitc,
1707 3140 1796 3212 inquit

148 3247 192 3300 cp.
208 3231 244 3285 cd
256 3229 356 3287 Tirtod.
371 3247 467 3303 papam
480 3247 559 3303 supra
570 3230 645 3304 eit),
670 3234 841 3288 sanctissime
861 3246 943 3304 pater
996 3237 1090 3284 sancta
1104 3244 1200 3300 magna
1213 3229 1320 3286 Nictcna
1343 3232 1464 3304 synodus
1487 3233 1526 3303 (6,
1542 3243 1632 3304 puoett.
1649 3233 1688 3302 l),
1703 3243 1731 3287 et
1746 3249 1796 3289 no·

145 3332 273 3394 patrum,
295 3315 419 3379 orantem
438 3322 594 3394 pronubis,
614 3323 745 3380 Dominus
759 3324 898 3381 custodiat
915 3325 943 3382 im
996 3319 1044 3374 lite
1059 3323 1184 3392 persequi
1198 3324 1296 3393 eosqui
1313 3323 1367 3378 lieo
1379 3323 1498 3393 perlecta
1511 3325 1677 3391 rttirtistrnnt,
1692 3332 1720 3380 et
1734 3324 1793 3380 sitt-

144 3431 245 3473 mmm,
266 3415 365 3473 Amen,
996 3424 1058 3465 cera
1079 3411 1218 3468 uoluntate
1233 3413 1280 3469 Dei
1300 3414 1410 3483 superni
1431 3414 1557 3470 nrarulata
1572 3416 1739 3482 custodiunt,
1761 3424 1791 3472 ιι

476 3548 488 3605 1
995 3506 1793 3669 ιι,ιιιιιιιι,ιιιι

163 3678 332 3721 'mum'
352 3679 387 3720 ’Β
405 3677 547 3720 ‘mmm
567 3677 593 3718 ¹¹⁴
614 3677 804 3719 “mmm
822 3675 926 3720 ΝΜΟ
994 3697 1154 3759 sequantur.
1188 3687 1283 3743 (lunatis
1308 3690 1381 3744 enim
1405 3691 1449 3760 qni
1473 3691 1578 3745 resistit
1599 3692 1693 3756 alicui,
1719 3705 1792 3746 nunc
1877 3673 1879 3677 ⁷

442 3771 642 3814 ⁰⁰¹¹G¹¹⁸ffl⁰⁸·
994 3779 1138 3844 ueroerrdo,
1153 3794 1225 3834 ntrnc
1238 3779 1352 3835 celando
1366 3781 1521 3846 ueritatem,
1546 3783 1677 3836 nterttitur
1692 3780 1792 3837 aduer-

182 3869 203 3925 l.
225 3868 262 3926 tlt
284 3886 356 3925 uecta
370 3870 522 3941 episcopum
538 3884 615 3938 penes
629 3867 739 3923 arbitros
752 3868 888 3923 saculares
900 3884 944 3923 ac·
994 3886 1044 3927 sus
1067 3886 1145 3935 erum,
1170 3879 1265 3927 cotnra
1279 3885 1358 3938 auem
1374 3870 1471 3942 litigat.
1495 3871 1530 3926 Et
1549 3873 1594 3941 agui
1614 3871 1728 3928 iniestus
1749 3883 1793 3930 est

144 3970 229 4018 tutet.
242 3990 279 4002 -
298 3960 331 4017 ll.
354 3959 387 4018 Si
400 3960 458 4032 auia
471 3961 595 4015 ιιιιιιιι
610 3961 761 4031 episcopum
775 3975 880 4014 mamm
894 3959 943 4014 ba·
995 3962 1088 4027 alicui,
1102 3961 1194 4016 omnia
1209 3964 1280 4018 sieut
1293 3962 1380 4016 bostis
1392 3963 1457 4032 agit,
1474 3970 1502 4016 ct
1514 3962 1626 4031 insuper
1641 3962 1712 4031 loqui
1728 3977 1794 4018 cou-

145 4054 295 4109 temn-
315 4051 359 4108 111.
380 4051 585 4107 Decadcm.-
606 4050 650 4107 iv.
676 4048 944 4120 Despiccopirrcbua
996 4055 1093 4110 tendit.
1106 4055 1162 4111 Vos
1177 4055 1249 4109 eninr
1262 4069 1417 4120 metuemus,
1433 4053 1543 4120 iratres,
1559 4056 1587 4110 in
1602 4054 1721 4124 speculis
1732 4069 1794 4111 esse
1865 4040 1870 4049 ¹

145 4147 202 4202 auis
216 4146 385 4216 exspoliatis,
409 4145 553 4200 antecede
567 4144 659 4214 pulsis.
674 4174 710 4184 —
724 4141 755 4198 V.
782 4141 898 4212 intumet
919 4153 944 4197 et
995 4146 1114 4213 debere,
1137 4155 1168 4201 ιι
1187 4147 1356 4218 inquantum
1371 4148 1499 4216 potestis,
1523 4154 1551 4201 ct
1565 4146 1695 4201 barnuinus
1713 4147 1792 4208 auni-

144 4233 782 4309 snctiiegotudltuintuuiumuouudmt'lltudtt·
802 4230 944 4288 ”Vl-Sl
995 4240 1060 4295 lium
1076 4239 1202 4306 dederit,
1231 4240 1329 4308 talibus
1346 4249 1437 4294 nostra
1450 4239 1620 4308 apostolica,
1647 4251 1792 4308 vestraque

145 4329 283 4394 episcopas
306 4335 413 4382 uocatus
433 4326 468 4380 ad
481 4325 633 4393 concilium,
650 4324 689 4380 ire
703 4341 755 4379 ιιι
769 4324 892 4394 potnerit.
907 4351 943 4364 -
995 4331 1158 4387 auctoritate
1177 4331 1328 4400 resistatis,
1349 4345 1400 4386 nee
1413 4331 1556 4401 quisquam
1571 4338 1690 4386 vestrum
1705 4346 1721 4385 a
1737 4328 1792 4386 lra-

146 4419 205 4475 vll.
229 4417 438 4486 Decnuaicnuc
452 4416 549 4488 legibus
562 4433 614 4472 nnn
627 4417 809 4479 scrutinentur.
830 4416 870 4471 uel
883 4430 944 4485 pra
996 4423 1046 4478 tris
1067 4423 1169 4478 auxilio
1189 4438 1219 4478 sc
1241 4423 1403 4489 subtrahat,
1426 4421 1474 4477 scd
1499 4438 1548 4491 pro
1561 4424 1666 4478 viribus
1679 4430 1795 4492 prestet

147 4513 236 4568 bibita
247 4523 397 4568 comantur.
420 4541 455 4552 -
477 4509 545 4566 ulli.
569 4508 608 4564 De
621 4509 831 4564 accusationibus
845 4509 945 4578 episeo-
957 4515 985 4576 D
997 4514 1201 4570 adminiculum.
1227 4514 1376 4582 Quottiam,
1393 4515 1457 4570 licet
1470 4515 1547 4585 pauci
1564 4515 1636 4577 sitis,
1654 4515 1676 4567 si
1693 4513 1791 4568 ultani·

146 4613 287 4677 parumn
299 4619 386 4659 τινι
400 4619 507 4658 tuntum
520 4601 667 4657 nttarnrnn
679 4602 944 4672 redumbratione-
995 4622 1055 4663 nes
1070 4608 1194 4672 ιιιιιιι,
1217 4608 1392 4670 nuttamnns.
1412 4606 1517 4676 justitia
1531 4605 1708 4676 snumganre,
1732 4606 1786 4663 bo·

143 4696 194 4756 IX.
224 4696 321 4765 cutm
346 4713 398 4752 ιιι
421 4696 496 4753 liceat
522 4711 664 4762 accusare,
692 4695 733 4751 uei
751 4695 945 4764 testificari-
996 4701 1072 4755 mino
1096 4714 1203 4771 atroque
1225 4714 1303 4769 opem
1330 4699 1454 4764 iercutc,
1487 4698 1702 4767 superabimini,
1727 4698 1791 4768 auia

146 4790 183 4847 X.
199 4789 237 4845 De
252 4790 342 4845 eadem
354 4805 392 4847 re.
406 4819 442 4830 -
464 4786 512 4843 xl.
527 4787 566 4841 lie
578 4787 696 4859 personia
708 4797 897 4842 accusatorum.
909 4816 944 4828 -
996 4791 1129 4861 [aniculus
1149 4790 1248 4859 triplex
1259 4791 1363 4861 difficile
1376 4791 1507 4857 rumpitur
1520 4788 1632 4862 (Eccita.
1650 4791 1700 4861 ιι).
1723 4789 1791 4846 Naum

146 4883 205 4940 xll.
229 4883 267 4938 lie
289 4883 443 4952 prioratibus
463 4891 487 4936 tt
510 4881 727 4949 metropoiitunia.
749 4907 785 4922 -
807 4879 877 4935 xlii.
904 4877 943 4935 De
995 4882 1017 4936 si
1045 4881 1145 4937 ciliciis
1173 4884 1350 4938 saecularibus
1373 4882 1489 4937 horunanc
1521 4883 1564 4938 lex
1590 4883 1717 4939 subvenit
1741 4882 1792 4956 (S.

146 4978 355 5035 assumtionibut
368 4976 563 5048 episcoporum,
588 4983 613 5028 ct
631 4974 802 5045 ineptitudine
818 4989 943 5028 accutan·
997 4973 1075 5046 lirep.
1091 4990 1133 5041 ep.
1149 4973 1203 5029 ιιι)
1218 4975 1263 5027 lib.
1281 4974 1347 5044 ιιι),
1367 4975 1571 5044 quantomagis
1595 4975 1791 5030 ecclesiasticis

146 5071 221 5124 tiam.
235 5098 271 5110 -
285 5067 356 5125 ΚΝ.
375 5067 427 5135 Qui
443 5082 495 5121 ιιι
509 5064 619 5121 debeant
631 5065 733 5119 adnuitli
747 5065 782 5119 ad
801 5065 945 5119 accuratio-
994 5076 1022 5122 ct
1039 5066 1145 5121 ltontitri
1166 5065 1376 5129 sacerdotibus,
1403 5066 1575 5137 maximeque
1602 5064 1792 5135 pontiliclbus,

146 5174 260 5214 nem-
271 5158 331 5216 xv.
347 5154 387 5211 De
401 5155 489 5210 cadem
501 5171 585 5210 re-
597 5154 668 5212 tvl.
684 5153 773 5210 Licere
786 5155 813 5208 in
826 5154 945 5209 eeclesia-
995 5159 1042 5229 qui
1059 5159 1168 5230 pupilla
1182 5159 1323 5214 oculorum
1341 5159 1447 5214 Domini
1464 5168 1676 5226 nrtncttpantur,
1699 5155 1792 5226 diuina

145 5251 218 5307 stitia
230 5251 351 5322 negotiis,
366 5249 436 5304 dicta
449 5263 526 5302 causa
540 5256 563 5301 et
583 5248 675 5318 petita,
691 5247 820 5306 recedere.
837 5246 906 5316 quod
917 5246 946 5302 iu
996 5259 1078 5320 atque
1098 5249 1232 5307 catholica
1249 5251 1295 5306 lea
1314 5249 1457 5320 suliragari
1476 5249 1578 5303 debet!
1607 5247 1650 5300 uit
1665 5248 1736 5303 enirn
1750 5248 1794 5304 dl-

146 5345 316 5401 soecuiaribut
342 5358 394 5398 ιιι
419 5341 489 5397 iicet.
507 5368 543 5382 ·-
565 5338 647 5396 XVll.
674 5337 944 5395 nonantulanum
996 5337 1459 5414 ultrumdeeptseopts‘eloqnium:
1481 5337 1532 5404 Qui
1546 5352 1590 5392 ιιι
1605 5341 1698 5412 tangit,
1715 5339 1796 5412 tangit

183 5529 192 5560 ¹
208 5525 282 5584 ortas
299 5526 371 5582 bunc
391 5523 478 5581 locum
493 5523 571 5580 Vino.
586 5521 752 5592 Lirinensis,
765 5534 892 5605 exsupra
906 5521 945 5579 ci·
997 5526 1053 5581 cuit
1072 5525 1206 5585 lalsnrios.

146 5605 208 5658 tata
226 5596 363 5655 tainum
381 5594 392 5650 l
410 5609 490 5722 papa
513 5595 569 5667 epis
558 5595 638 5651 tola.
905 5653 909 5661 ,
1036 5597 1165 5656 'Falsum
1177 5609 1204 5655 ct
1216 5599 1285 5656 ltanc
1297 5612 1406 5669 quoqne
1419 5598 1595 5658 meritissimo
1606 5594 1667 5668 iure
1680 5595 1794 5655 dixeris

187 5667 332 5726 ¹licmina
352 5665 408 5738 sm
430 5666 513 5731 ronil,
531 5663 697 5737 Apollinaris
717 5671 746 5721 et
759 5661 852 5721 Severi
869 5677 943 5721 resc-
