3900 6134
125 214 176 281 ιιι
468 184 514 276 nn
533 217 603 276 non
623 206 871 277 conuuurnooo
889 216 962 276 cun
984 216 1181 279 comnenus
1200 219 1305 279 tresis
1324 219 1429 280 uuus.
1723 223 1777 282 uss

123 353 216 398 tuerss
230 336 360 396 citicensi
374 348 435 392 cunr
449 348 500 391 nos
512 341 607 390 contra
619 343 673 400 tua,
689 341 772 405 atoue
786 333 870 402 patris
887 334 925 389 tui
939 343 1006 408 Aet
1015 337 1142 394 tenebras
1152 336 1187 393 de
1199 336 1319 407 vipereis
1329 336 1461 394 cordibus
1474 339 1657 396 evomueritis
1667 340 1779 397 uestris.

123 446 229 490 necteus
243 428 392 486 armarent
407 427 504 484 osseus
519 427 640 493 Paullus,
653 424 748 482 dicens
758 441 764 481 :
776 424 929 497 Hociterpne
981 429 1103 500 sperasti
1120 445 1170 486 nos
1184 429 1332 487 dellecterc
1346 446 1360 485 a
1373 430 1415 486 uie
1431 430 1567 501 ueritatis,
1581 439 1782 504 tamquamnon

127 524 198 592 dico,
211 532 239 578 ιι
261 537 336 576 temti
359 535 406 575 Μ*
430 519 543 587 ‘milliii
569 518 596 571 ⁵⁸¹
614 516 773 573 wilimilssle
796 517 931 572 ‘trivium
981 526 1115 581 sciremus
1129 524 1326 596 praemonuisse
1340 525 1782 598 Spiritumsanctumperbeatum

124 614 238 687 (Goion.
255 626 284 682 ιι,
301 610 341 685 di.
356 610 391 667 Et
405 612 519 667 iterum:
539 608 631 666 Videte
640 608 903 681 neeeisueedect'eidi
915 617 930 647 ⁸
947 678 949 682 4
982 616 1105 673 Paullum
1122 617 1280 674 dicentem:
1298 616 1383 674 Nnoo
1398 635 1442 674 uos
1463 621 1599 674 corroincet
1614 621 1703 675 uoletis
1726 618 1783 676 din

126 724 172 782 per
182 705 373 780 philosophiam
385 711 409 759 el
422 704 526 757 inenem
532 700 706 758 seductionem
720 694 860 757 emeterium
875 714 930 756 tre·
981 708 1128 765 hnmilitate
1138 726 1228 766 sensus
1241 720 1266 767 ct
1279 711 1406 783 reiiqione
1419 711 1584 784 aneatorum,
1597 728 1656 783 quse
1682 713 1785 769 uidetur

126 801 250 857 ditionem
261 800 405 866 nerninem,
430 795 570 853 secundent
586 797 711 853 eleruente
721 797 856 864 mendici
878 812 931 852 noe
981 799 1118 856 entitatem
1130 801 1185 856 sinc
1207 819 1286 858 censa
1300 803 1408 872 isidorus
1421 819 1497 857 sensu
1512 804 1599 858 cernis
1615 820 1678 868 sue,
1695 815 1783 860 steen

126 894 265 950 secundnm
275 889 421 958 Christum,
436 889 497 961 quie
506 890 600 958 inipso
614 890 740 946 indeiitat
753 890 834 946 οιιιιιίι
849 889 933 961 pieni·
983 901 1071 948 tenens
1085 904 1163 961 cenet
1179 904 1191 931 0
1207 910 1239 949 ee
1249 910 1300 965 que
1315 910 1390 949 omne
1411 911 1506 965 corpur
1522 912 1568 966 per
1589 913 1734 954 rennerunt
1760 909 1785 954 et

126 980 931 1056 tneoessnntterircorpsrnlinr(loia.spooomoilopmne·
983 988 1190 1059 conjunctionem
1204 988 1506 1058 productumcrescitle
1527 1000 1697 1063 repetentum
1722 991 1784 1061 fidei
1887 992 1895 1008 ’

126 1092 220 1136 rnmus
234 1076 290 1133 illis
306 1076 416 1133 Arianis
441 1076 495 1130 turis
520 1076 661 1147 sacrilegis
687 1076 813 1131 sensibus
841 1076 934 1131 ueritis
984 1077 1094 1149 (Coissa.
1113 1095 1142 1144 ιι,
1161 1076 1217 1153 tsi.
1231 1080 1372 1148 Quomodo
1387 1080 1604 1137 teemlmlsntem
1619 1083 1678 1138 siric
1690 1098 1784 1151 eausa,

125 1170 291 1229 sublimibus
299 1170 476 1237 licetserluei,
489 1183 551 1225 cum
566 1170 674 1225 isannem
691 1180 717 1225 te
731 1169 931 1241 pidlosopltiam
984 1171 1079 1226 alitum
1090 1171 1226 1241 serpentis
1239 1185 1297 1239 orc,
1311 1170 1368 1227 Arii
1380 1171 1503 1226 inlinitum
1517 1186 1600 1228 sensu
1614 1175 1706 1230 carinis
1733 1183 1787 1231 tua

127 1263 339 1337 cognoverimus
349 1261 470 1318 harberel
485 1263 557 1318 uiidc
570 1264 652 1318 etiarn
667 1262 808 1318 dulcestui
820 1271 935 1333 possent
984 1271 1108 1332 apostata
1127 1264 1137 1300 i
1152 1262 1253 1317 luctum
1264 1278 1523 1334 sequerentur,cum
1535 1264 1653 1334 apostoli
1665 1279 1789 1336 pirueep

128 1370 190 1412 esse
204 1368 358 1420 cannones,
369 1353 750 1423 ouenuiderirnustencntcm
760 1354 933 1409 traditionem
984 1365 1041 1410 tum
1052 1363 1163 1426 cogeret
1178 1363 1262 1412 temet
1274 1356 1373 1410 ritarii
1387 1355 1506 1423 Dixisti,
1523 1357 1597 1426 ouod
1611 1358 1687 1412 enim
1710 1357 1786 1426 precis

130 1451 201 1519 nrli,
224 1463 278 1505 noo
303 1448 444 1505 beatorum
468 1448 684 1518 Apostolorum?
706 1448 814 1519 sdqnos
835 1447 936 1503 dixerit
986 1462 1069 1503 carisa
1092 1449 1222 1519 corrinnei
1248 1447 1411 1505 desiderans
1433 1448 1520 1504 lucris
1534 1450 1788 1522 pseudoepiscopos

129 1541 282 1613 islensem
299 1554 393 1612 negas,
409 1539 482 1612 quod
497 1555 579 1596 nerins
594 1539 629 1595 sit
646 1542 692 1595 llci
708 1539 812 1597 Filius:
836 1537 935 1595 Ειιιιιιι
986 1551 1069 1598 sectae
1082 1551 1135 1598 tuae
1148 1541 1242 1599 euobis:
1255 1543 1304 1599 sed
1315 1543 1453 1614 quonuodo
1469 1543 1541 1599 istud
1556 1545 1645 1600 inicere
1661 1553 1788 1616 potuere·
1841 1587 1843 1592 -

132 1633 262 1704 deprimo
274 1631 290 1671 δ
302 1632 436 1687 credentes
448 1634 475 1686 in
484 1633 588 1687 nonnius
599 1631 730 1697 Petrina
745 1631 820 1698 Filii,
833 1642 856 1686 ιι
872 1631 935 1702 Spi-
987 1651 1060 1703 snus,
1073 1645 1165 1692 utnon
1187 1636 1281 1703 [leuna
1295 1636 1344 1692 sed
1360 1637 1455 1707 tecjus
1467 1636 1789 1695 erudirentusinimieumi

129 1727 197 1781 situ
226 1725 310 1780 ιιιιιιι·
349 1722 667 1797 (dorsacensium).
708 1723 853 1792 Quomodo
886 1722 1042 1806 tibissnon
1057 1744 1152 1786 sumus
1165 1736 1196 1784 ut
1210 1744 1259 1785 ros
1271 1729 1415 1796 excordes,
1438 1741 1466 1785 ut
1482 1731 1529 1788 liei
1542 1731 1627 1786 Delum
1655 1747 1789 1802 negemus
1891 1799 1893 1802 Α

129 1820 263 1892 discipulo
299 1819 357 1874 Arii
394 1819 632 1890 acquiesceremus
663 1816 826 1884 christiani,
854 1817 936 1874 desc-

130 1919 225 1968 rentes
238 1911 419 1982 epostolicam
435 1910 623 1979 traditionem,
635 1926 697 1966 curn
712 1919 738 1966 tc
762 1910 936 1965 inveniamus

133 2003 238 2070 dicere,
253 2005 359 2059 l’strem
375 2019 428 2058 riou
442 2020 503 2060 esse
517 2019 611 2060 uerum
628 2015 746 2075 patrem,
769 2006 816 2060 sed
841 2003 937 2075 appel·

990 1821 1101 1887 Filium,
1117 1822 1187 1877 sicet
1200 1830 1302 1893 negant
1316 1821 1403 1878 ludaei
1418 1822 1550 1878 cecitatis
1566 1832 1666 1880 vestrm
1679 1824 1789 1896 pertici·

990 1910 1048 1987 pes,
1061 1916 1185 1973 seduces
1198 1927 1297 1973 vestra
1322 1914 1537 1972 incredulitatis:
1552 1932 1668 1989 quorum
1690 1933 1789 1991 repro·

989 2008 1107 2064 dationis
1117 2008 1273 2079 exemplum
1289 2009 1384 2063 uentus
1397 2008 1666 2065 osterrdensPurillus
1677 2010 1791 2069 dicitud

132 2095 320 2166 leripatreml
335 2112 396 2151 eum
424 2095 513 2162 dicas,
528 2111 583 2152 noo
607 2096 685 2152 ilium
712 2112 808 2152 nerum
834 2096 936 2152 lrahcre

131 2190 242 2257 Filiam,
254 2190 301 2246 sed
316 2189 416 2247 lectum
433 2205 498 2246 esse
511 2205 547 2246 ex
560 2191 664 2246 nilrilo?
675 2201 801 2247 sarnetum
815 2191 935 2261 par-nele-

131 2292 188 2338 tunt
199 2283 414 2350 Spiritum,cum
430 2281 508 2338 dieas
520 2283 634 2339 totidem
647 2293 817 2339 consterees
829 2282 937 2338 nihilo?

131 2383 257 2431 econtra
276 2385 288 2414 ι
304 2374 447 2430 rideamus
467 2374 616 2446 Apostolos
629 2374 780 2431 credidisse
802 2377 829 2429 in
853 2389 936 2430 uinum

133 2467 218 2523 θοιιιιι
235 2466 345 2522 Patrem
362 2467 581 2536 omnipotentem
598 2483 692 2523 uerum
723 2476 839 2536 punirent,
856 2482 938 2538 prop-

132 2569 208 2616 terca
224 2574 321 2616 rerum
341 2571 459 2631 patrem,
473 2563 547 2631 spuod
563 2574 639 2626 vere,
657 2575 711 2615 non
738 2561 861 2631 putative
889 2559 936 2615 lte·

132 2652 195 2709 luent
207 2650 305 2717 fllium,
322 2665 348 2708 ot
358 2653 385 2707 iu
401 2652 604 2707 uuieunrlllium
617 2650 776 2723 ejrrslesurn
786 2651 935 2722 Curictum,

990 2100 1119 2156 liebrrcos
1134 2100 1228 2168 (idcir.
1245 2114 1285 2164 ιιι,
1301 2099 1348 2170 il:
1365 2099 1396 2154 lit
1412 2100 1516 2173 tllopses
1536 2101 1641 2170 quidem
1663 2103 1749 2172 fidelis
1762 2105 1790 2159 in

989 2203 1042 2253 tota
1055 2194 1338 2264 domoeinstemouam
1350 2208 1439 2247 seruas
1450 2194 1477 2246 in
1488 2195 1636 2250 testimonio
1645 2195 1751 2266 loquens
1764 2206 1788 2266 s,

989 2287 1108 2344 Cirristus
1137 2296 1222 2342 autem
1249 2297 1380 2355 tarrspuaot
1395 2286 1508 2355 fillucio
1535 2289 1611 2343 domo
1633 2293 1703 2363 ejus,
1733 2306 1791 2363 quen

989 2380 1082 2434 donnes
1097 2396 1144 2434 nos
1154 2395 1256 2446 sumus,
1265 2380 1288 2433 ei
1301 2388 1385 2434 tamen
1399 2377 1581 2434 liberalitatem
1592 2379 1605 2418 ὴ
1615 2391 1638 2436 ιι
1651 2384 1791 2440 exultatio·

988 2489 1046 2527 aem
1059 2471 1291 2542 speitenueriurns,
1301 2471 1482 2542 propterquod
1497 2469 1504 2508 i
1516 2471 1579 2526 dicit
1589 2472 1706 2543 Spiritus
1712 2492 1788 2531 sarrr-

988 2574 1045 2620 tue:
1058 2564 1177 2620 lindissi
1188 2580 1275 2619 nocent
1286 2563 1342 2633 rius
1356 2562 1503 2630 audieritis,
1528 2565 1609 2619 nolite
1635 2568 1788 2639 praedurare

989 2659 1068 2713 corde
1079 2667 1173 2723 cestre,
1187 2656 1254 2711 sicut
1264 2655 1291 2707 in
1302 2654 1646 2712 smeeroorraoescenndnm
1657 2659 1724 2714 diem
1736 2672 1792 2717 ten·

133 2746 284 2804 hocoetlu
297 2761 393 2803 verum
405 2747 454 2803 Del
470 2746 581 2815 Filiuur,
596 2756 624 2801 et
636 2748 662 2800 in
673 2757 798 2802 salictum
823 2747 939 2816 perecli·
989 2753 1094 2807 letiorris
1109 2753 1137 2804 io
1150 2751 1263 2815 decemo,
1280 2748 1325 2802 eii
1336 2757 1499 2803 irritaverunt
1514 2756 1601 2821 putres
1616 2753 1654 2804 tui
1668 2753 1695 2804 io
1711 2770 1791 2826 rape·
1807 2773 1809 2778 ·

134 2852 191 2900 tunt
206 2845 350 2916 Spiritum,
363 2845 391 2900 ln
405 2859 500 2900 uerum
517 2845 565 2900 liei
579 2844 723 2914 Spiritum.
735 2843 878 2911 Quomodo
889 2859 938 2913 po·
970 2913 973 2917 ι
988 2847 1106 2911 cimento,
1120 2854 1144 2899 ιι
1154 2845 1270 2899 uiderunt
1282 2858 1361 2914 opere
1370 2858 1427 2897 mee
1440 2843 1614 2917 quadruplata
1625 2848 1710 2914 eneis,
1721 2849 1793 2904 ideo·

133 2946 224 2995 lucrm
237 2941 298 3010 ouis
313 2940 351 2994 ita
363 2940 535 2995 credentium
548 2939 746 3010 supplanteris
763 2938 875 2995 diabolo
887 2952 939 3013 per
988 2955 1038 3010 orie
1050 2953 1141 3008 perosa
1155 2937 1218 2991 nuilii
1232 2953 1295 3011 qens
1310 2946 1356 3005 est,
1375 2946 1398 2991 et
1410 2937 1475 3004 diei,
1487 2953 1588 3010 semper
1599 2952 1686 2995 errent
1701 2941 1795 2999 corde.

134 3030 706 3103 neriitlaspnemtaauricularemcum
735 3031 803 3088 [ides
827 3040 937 3104 aposlo-
990 3027 1196 3085 lsrieuternooe
1212 3029 1455 3099 capnooernotoiar
1478 3045 1557 3095 oreas,
1574 3031 1641 3086 sicut
1658 3034 1792 3102 jarrooiin
1883 3017 1895 3033 '

133 3127 188 3186 lien
203 3127 405 3185 ct'leirritetcm
420 3129 586 3184 conlltcatur
600 3125 761 3197 perlectam,
787 3134 816 3182 ct
828 3127 936 3182 unicam
952 3139 974 3203 C
989 3122 1030 3176 ire
1044 3136 1100 3175 mee
1110 3121 1133 3175 si
1143 3121 1275 3176 intrabunt
1287 3120 1315 3173 in
1326 3120 1441 3190 requiem
1454 3137 1548 3175 meane.
1568 3121 1667 3190 Videte,
1683 3129 1789 3194 fratrer,

133 3221 264 3278 dsirstem
275 3219 394 3277 letentutr
404 3221 504 3289 Patris,
521 3219 633 3287 etliilii,
648 3227 676 3274 ct
687 3217 807 3291 Spiritus
832 3219 935 3284 santeli3
990 3232 1022 3270 oe
1035 3231 1098 3269 casu
1113 3215 1145 3270 sit
1158 3214 1187 3268 in
1198 3215 1287 3285 aliquo
1298 3222 1407 3268 centrum
1422 3230 1466 3267 cor
1481 3215 1624 3284 mulionum
1649 3217 1792 3273 increduii-

134 3314 245 3382 etdrii,
261 3315 313 3372 lroc
325 3325 367 3373 est
383 3325 428 3370 tua
444 3315 616 3386 blasphemio
634 3328 687 3368 non
705 3323 808 3379 teneat,
831 3313 884 3368 nisi
914 3311 941 3368 id
988 3311 1048 3365 tetis
1065 3309 1071 3360 i
1091 3309 1246 3365 discedendo
1259 3325 1276 3363 e
1288 3307 1342 3363 Deo
1356 3309 1465 3374 ιιιιιιιι,
1479 3309 1524 3363 sed
1540 3311 1713 3366 consolamini
1732 3329 1789 3369 uos·

133 3408 349 3480 quotlplucuerit
360 3422 425 3464 cero
440 3416 485 3464 tuo
494 3405 617 3463 diaboloi
632 3421 694 3461 eum
709 3414 813 3461 tuntuut
827 3404 938 3460 intersit
990 3401 1110 3471 noctipeos
1123 3399 1238 3469 quotidie
1251 3399 1332 3453 denec
1347 3398 1423 3452 laodic
1435 3409 1542 3454 uocatur
1553 3398 1791 3474 ¹⁵,neprtuduretur

133 3501 207 3559 inter
221 3501 310 3557 beate
326 3500 459 3557 Ecclesiae
472 3499 555 3555 lldem
566 3507 593 3555 et
606 3498 677 3553 iuter
691 3498 818 3554 lieresim
850 3509 935 3562 tuem,
989 3495 1083 3564 aliquus
1096 3509 1127 3548 ea
1140 3493 1210 3547 salis
1223 3493 1250 3545 in
1264 3505 1351 3574 arose
1365 3492 1473 3562 peccati.
1482 3490 1629 3563 Participes
1640 3496 1789 3554 enimdleri-

134 3605 269 3667 quantum
294 3595 366 3651 inter
391 3594 480 3650 lucem
504 3605 588 3666 atoue
604 3593 754 3650 tenebras?
779 3594 865 3649 liectc
888 3607 938 3649 ros
987 3589 1021 3642 sti
1036 3584 1362 3658 sentiremus,sioeidem
1376 3586 1694 3657 principiumeeinenria
1708 3609 1789 3666 nsque

135 3686 650 3758 intereadixi-trasepsustosauonts,
671 3695 701 3740 ut
728 3686 847 3740 tenebra}
875 3692 939 3739 sunt
988 3679 1226 3749 adfinemfirrnum
1246 3678 1415 3731 tenuerimus.
1436 3676 1636 3735 Detrudicr'tur:
1654 3680 1741 3740 Hodie
1765 3688 1789 3742 et'

135 3789 297 3853 separatae
313 3779 426 3846 lumine,
443 3779 505 3851 quia
520 3778 579 3834 sitis
594 3778 768 3834 tenebrarum
783 3777 846 3832 lilii:
863 3773 936 3832 unde
989 3786 1167 3826 eoecnrmeam
1184 3768 1351 3836 1ιιιιιιιιιιιὶι,
1363 3770 1443 3825 nolite
1452 3771 1787 3847 producereeordaeestre,
1880 3800 1881 3804 ¹

135 3934 685 4008 amminiuneteconpreeeesezlliise,
695 3937 934 4007 inquinamentum
985 3931 1206 3990 aeteezlionaclsi
1222 3931 1338 3989 liaurini
1352 3931 1380 3989 iu
1396 3934 1614 3994 ouuuooohuie
1624 3937 1721 4000 ililerii
1733 3951 1790 4001 tce-

136 4013 184 4068 sud
197 4010 368 4081 desperatoris
383 4011 486 4064 omnine
496 4009 615 4063 erruittunt
626 4009 696 4062 omni
710 4010 836 4078 praevitate
851 4009 934 4077 reler-
985 4005 1236 4072 tiumuiouscriptu.

137 4094 244 4150 lenaeo
256 4081 508 4148 nimirnntconsidio,
520 4080 736 4151 utsicomaouis
755 4080 861 4135 auribus
887 4096 935 4150 po·
1023 4084 1036 4113 ⁸
1055 4076 1132 4130 l'ers.
1149 4075 1212 4129 Ant.
1225 4074 1342 4129 suadeat.

137 4152 379 4226 puluerempissct,
389 4151 495 4222 pellica
512 4151 760 4220 auctoritorecupite
772 4155 933 4223 malorena·
1021 4146 1035 4185 ¹²
1050 4147 1129 4202 llers.
1144 4147 1207 4200 drot,
1221 4155 1310 4201 euntes
1324 4161 1385 4218 croc
1400 4144 1491 4203 docete
1503 4166 1590 4208 omnes
1602 4163 1701 4226 peotes,
1723 4154 1786 4230 dap·

136 4228 178 4281 sie
206 4225 283 4280 aliter
310 4225 401 4293 lenset
427 4234 554 4295 excepte,
584 4224 666 4276 ameris
692 4222 791 4274 inuidia
820 4230 884 4276 esset
907 4221 934 4275 iu
987 4219 1159 4280 tinentcse'os,
1173 4227 1221 4272 etc.
1743 4220 1744 4224 ’

136 4305 232 4371 repert
246 4297 304 4368 ipso
318 4294 446 4349 ecnieiis:
472 4294 533 4365 quie
555 4293 633 4347 ctiam
658 4303 713 4347 tum
738 4290 934 4346 catechumenus
1024 4301 1035 4328 ι
1055 4287 1306 4345 nicostratum.

137 4377 329 4423 recrementum
345 4365 406 4434 lidei
426 4369 517 4418 merito
543 4364 671 4418 uideretur
691 4367 804 4433 potuisse
826 4363 932 4418 ncrmrc.
1020 4357 1075 4414 dln
1090 4359 1236 4415 durrdlitetc
1255 4370 1279 4414 et
1294 4363 1425 4434 relicinae*
1440 4361 1608 4435 dunelmum,
1624 4383 1682 4437 quse
1707 4370 1781 4425 ιϊιὶι,

138 4436 153 4493 l
172 4439 225 4494 itur
239 4438 330 4493 lectam
346 4440 373 4492 in
389 4437 498 4491 ecclesie
511 4435 648 4507 epistolam
661 4434 775 4508 populns
787 4443 931 4489 auersetur.

162 4522 196 4566 ec
210 4516 301 4564 eutem
316 4507 423 4563 iocious
437 4506 544 4563 Luciicr
556 4515 662 4575 spectat
688 4506 740 4561 hoc
755 4507 781 4560 in
806 4507 877 4569 loco,
906 4515 934 4560 et

137 4581 293 4637 constantii
308 4579 450 4649 epistolem
465 4579 542 4633 edicti
555 4579 687 4634 roceium
699 4579 832 4637 norisinat.
845 4577 882 4632 uti
906 4577 940 4647 ln

139 4653 189 4706 lilt.
204 4666 223 4706 1.
240 4666 289 4721 pro
302 4650 333 4707 S.
346 4649 446 4705 sunno.
462 4659 489 4706 ct
501 4651 526 4704 iu
549 4649 594 4703 lib.
622 4648 787 4704 Moriendum
811 4664 865 4702 esse
885 4664 933 4717 pro

138 4719 214 4778 Filio
225 4721 292 4788 llei,·
306 4723 351 4777 ulii
366 4720 455 4780 eidem
469 4736 498 4777 se
511 4719 654 4776 obstitisse
669 4720 755 4789 prelum
778 4724 804 4774 in
833 4718 933 4790 palatio

138 4800 264 4849 testator.
278 4792 345 4849 ttae
359 4807 420 4864 quse
430 4793 487 4848 illic
498 4791 749 4847 aniuradrertimos.
767 4791 851 4847 Sicuti
866 4804 932 4847 nero

138 4863 277 4932 Sulpicius
290 4863 409 4920 edictum
420 4865 482 4928 hoc,
495 4879 543 4918 scu
553 4863 693 4932 epistolem
717 4864 786 4916 orsini
808 4862 933 4926 promente

138 4941 262 5008 relatam
276 4934 361 4991 luisse
373 4934 501 5000 alliceret,
517 4935 552 4988 ita
561 4933 668 4987 Lucifer
682 4934 776 4988 scribit
789 4934 876 4987 cornia
890 4949 931 4988 oe·-

138 5022 207 5062 nene
216 5006 324 5062 Ariane
335 5008 439 5063 limosis
455 5008 481 5060 in
508 5021 539 5060 ea
564 5004 701 5059 contineri.
725 5003 931 5075 llieronymusa

137 5077 222 5135 Pruto
235 5078 264 5133 in
273 5081 345 5133 notis
355 5078 517 5148 Sulpiciana
542 5074 611 5130 llist.
641 5075 770 5145 srrbjcctis
793 5074 933 5130 contendit

138 5148 495 5211 adeersus'lillemootium,
509 5147 561 5201 lruc
584 5146 714 5201 llilsrium
732 5149 813 5202 etiarn
839 5161 933 5215 respe-

139 5219 225 5290 xisse,
241 5236 302 5276 eum
316 5222 341 5274 in
363 5220 411 5274 lili.
425 5219 460 5276 de
472 5216 590 5291 synodis
603 5232 678 5272 euin.
696 5218 730 5274 18
745 5217 804 5274 ltoec
830 5218 934 5274 scrine-

138 5298 182 5347 ret
194 5289 343 5346 r'ldernines
355 5292 468 5363 perrrersi
481 5305 510 5344 eo
522 5305 601 5359 usque
622 5300 808 5372 praeriperent,
829 5299 857 5344 ut
876 5305 934 5344 cunt

138 5359 200 5428 dee,
214 5362 241 5418 id
254 5361 435 5419 estdrianum
455 5361 628 5432 dopmnipse
652 5362 795 5433 praedicere
819 5360 932 5429 poetice,

139 5434 167 5488 in
183 5433 305 5491 Ecclesia
315 5433 729 5500 diediolmteusi,neneuderent,
746 5430 934 5501 diriperetorem

137 5506 354 5578 temcnsollcrcm
364 5505 398 5558 ad
413 5504 572 5562 audendum.
590 5500 614 5556 F
616 5502 755 5571 efeilernnt
768 5503 839 5557 enim
860 5503 935 5572 iono-

138 5585 239 5632 ranteur
253 5591 349 5648 repere,
361 5586 389 5631 ut
402 5577 546 5632 istiusmodi
560 5575 677 5649 perndie
688 5572 768 5645 fidem
778 5573 851 5629 erilis
861 5588 936 5630 occu-

139 5657 218 5716 petur
229 5657 378 5718 reponeret,
393 5659 417 5704 et
431 5647 552 5704 credendi
558 5651 669 5719 [orestem
686 5645 809 5700 Ecclesiae
823 5644 936 5699 trondem

139 5729 305 5790 reponeretur
330 5722 481 5790 irreponcret.
501 5716 712 5775 contradicentes
725 5712 884 5787 ‘Episcopus
901 5715 936 5771 ed

139 5790 265 5848 ιιιιιιιιιι
278 5799 428 5863 comerent.
444 5789 529 5859 idere,
542 5799 624 5861 etque
648 5787 798 5855 Preternis,
825 5799 937 5846 sensere

945 4618 973 4681 Ι)

988 4431 1212 4557 vcorsl'sfilsn'dnt.
1226 4511 1305 4583 eaput
1317 4500 1462 4570 Christum,
1482 4520 1515 4558 ee
1528 4520 1578 4574 quo
1591 4521 1666 4561 emine
1691 4525 1783 4583 cerpus

986 4588 1141 4637 cooneeeor,
1151 4584 1174 4627 et
1183 4572 1590 4642 coreducttoncsuintinistratnot,
1602 4587 1627 4632 et
1636 4594 1784 4647 prouectum

985 4645 1073 4700 crescit
1086 4643 1113 4698 io
1126 4646 1310 4702 inereurcutum
1327 4645 1384 4698 Ori.
1402 4644 1561 4703 iltccGraec.
1574 4644 1618 4716 Ἐξ
1643 4647 1673 4707 οὗ
1687 4658 1738 4710 πᾶν
1753 4657 1783 4712 τὸ

987 4725 1064 4800 σῶμα
1074 4714 1117 4773 διὰ
1124 4723 1174 4774 τῶν
1185 4715 1253 4799 dedu
1265 4718 1306 4772 eni
1317 4715 1479 4790 συνδέσμων,
1489 4727 1541 4776 cic.
1551 4736 1611 4790 quer
1618 4725 1786 4793 conveniunt

986 4785 1340 4930 dissidetis?

1022 4941 1035 4978 s
1052 4930 1128 4985 llers.
1143 4934 1205 4984 duit.
1216 4896 1414 5000 ioqrteridorum.
1427 4932 1520 4990 Sabat.
1535 4934 1571 4989 ita
1586 4936 1650 5007 legit
1660 4935 1782 4993 inLucil.

985 5002 1012 5055 in
1026 5001 1198 5055 testinnonium
1212 5016 1300 5057 eorem
1312 5018 1369 5074 qua
1384 5001 1492 5060 dicenda
1502 5016 1584 5060 erent.
1863 5006 1866 5013 '

1021 5070 1035 5109 ¹¹
1051 5070 1207 5142 {rependum
1222 5087 1282 5127 curn
1292 5072 1357 5130 sao.
1370 5073 1524 5131 libertatem.
1541 5075 1693 5135 lassant.
1707 5076 1784 5136 lider-

986 5155 1073 5210 tatem,
1088 5155 1111 5198 et
1127 5144 1313 5200 recitationem
1340 5147 1395 5217 spei
1409 5162 1488 5217 esque
1502 5147 1536 5200 ed
1561 5147 1640 5217 pincia
1666 5151 1782 5221 firmam,

985 5225 1125 5415 {widicau
1140 5288 1214 5358 dicit,
1231 5286 1309 5345 less.
1323 5289 1387 5343 dm.
1402 5288 1479 5344 abest
1492 5299 1581 5344 lernen
1593 5291 1659 5347 sicut
1675 5292 1781 5351 aiere.

1008 5375 1117 5486 yiniiitin
1129 5431 1235 5493 Gracco,
1250 5433 1371 5491 ἀπιστίαι
1383 5431 1408 5483 ἑν
1421 5437 1459 5500 τῷ
1484 5431 1629 5491 ἀποστῆναι
1655 5436 1706 5492 ἀπὸ
1727 5414 1792 5494 θεοῦΔ

987 5507 1090 5567 ζῶντος.
1116 5502 1192 5556 llcrs.
1215 5501 1279 5554 Ant.
1302 5501 1457 5571 iniquitatis,
1477 5500 1625 5558 discedendi
1642 5521 1658 5559 e
1674 5505 1728 5562 Deo
1750 5511 1786 5564 ui·
1838 5528 1843 5536 ’

988 5584 1089 5700 wimiis
1105 5643 1200 5700 Greco
1216 5643 1338 5699 καλεῖται.
1357 5641 1432 5699 leus.
1449 5642 1511 5699 Αιιι.
1534 5648 1671 5721 uocatus}

1028 5713 1036 5753 ¹
1056 5716 1133 5789 e'jus.
1150 5714 1227 5771 llers.
1245 5717 1309 5769 Αιιι.
