3900 6134
178 157 230 214 tra
770 154 927 216 saucius
947 121 1225 215 osussuscstn.
1776 165 1829 222 rso

178 279 262 349 sactus
275 287 323 345 cst,
338 292 390 332 non
399 276 458 350 ium
470 275 599 332 secundus
612 276 668 342 ills,
682 275 728 331 scd
751 273 840 330 nullus
865 282 903 330 cst
924 272 975 348 (a).
989 287 1016 348 Α
1028 274 1095 332 dere
1109 275 1303 334 Protextstum
1314 286 1389 335 tuum
1403 279 1526 352 prolecto
1538 275 1643 353 presses.
1659 278 1709 338 lltc
1718 284 1792 339 etnim
1805 285 1829 340 si

177 369 207 427 In
240 370 476 436 caeteris,sialter
495 383 558 424 curm
582 367 850 433 alteroconicratnr,
873 367 979 425 ridetur
1030 368 1161 426 Romanae
1175 369 1304 427 Ecclesiae
1330 372 1450 443 pontiles
1469 372 1564 431 luisset
1587 373 1694 442 iactus,
1715 377 1830 432 minimo

178 464 293 520 thhrurs
315 463 445 529 scrihere,
469 461 598 518 Ursinum
627 460 655 517 in
696 461 832 519 Siciniaua
868 461 978 519 basilica
1030 461 1831 538 dubito,quineasummaquamanrbicbatdiqnitnte,di·

178 559 365 633 episopum
388 552 507 610 factiosis
527 553 721 618 constitutum,
737 568 824 625 eoque
850 569 883 609 ex
908 556 979 610 lacto
1030 555 1310 628 uitiorumquecopia,
1333 556 1367 613 ad
1383 560 1472 614 lissum
1497 559 1708 632 superbiamque
1729 561 1831 617 abusus

179 662 265 706 ortam
291 647 473 713 seditionem,
502 660 533 701 ac
558 645 773 703 interfectiones.
798 646 980 719 hieronymus
1030 658 1113 703 esset.
1130 647 1278 715 Caeterum,
1294 650 1575 719 quaenuncetiamsit
1596 653 1623 706 io
1637 653 1832 724 lastiqiotaoto

179 753 281 809 autem,
300 741 342 797 eui
357 741 517 796 Ammianus
538 741 685 805 consentit,
707 738 847 803 Ursinum,
872 736 980 809 episco·
1031 741 1160 810 rcgioque
1181 742 1345 809 pratrimonio
1360 742 1544 799 Romanorum
1579 744 1737 814 pontihcnm
1760 747 1833 803 inte-

180 855 243 910 pum
264 839 319 906 iarn
341 835 530 902 cormtitutum,
555 836 712 906 priusquam
733 833 884 890 sicininum
906 833 980 888 insa·
1030 831 1116 903 critas
1130 825 1249 897 morum,
1267 833 1383 905 uitaeque
1405 835 1557 904 modestia,
1585 847 1615 892 ut
1636 853 1685 893 eos
1704 847 1832 907 tanturn,

179 931 275 987 deret:
292 929 327 985 ab
338 943 423 1000 eoque
438 943 500 982 cnm
521 928 695 982 [laniasianos
714 927 820 981 aduam
840 925 979 981 basilicam
1031 937 1099 993 qnos
1109 938 1160 994 eqo
1173 925 1298 995 cognovi,
1310 938 1507 998 veneratusque
1518 943 1588 995 sum,
1603 943 1830 997 commemorent,

179 1022 347 1080 conduentes
360 1035 455 1077 arcere
469 1019 561 1082 callet,
584 1018 673 1075 cades
688 1027 855 1089 perpetratas
871 1032 942 1074 csse.
1031 1025 1192 1087 argumento
1208 1017 1507 1087 tibiapertissimoesso
1519 1030 1643 1090 possunt,
1655 1021 1784 1080 Clemens
1794 1023 1832 1080 ltt

215 1116 293 1172 Nunc
314 1114 464 1170 andiendus
477 1123 520 1169 est
539 1112 699 1167 Arnrrrianns
722 1111 903 1178 Marcellinus,
920 1110 981 1165 eth·
1031 1115 1059 1163 et
1071 1105 1131 1173 llll,
1147 1106 1320 1166 innocentius
1346 1109 1416 1180 ltlll,
1443 1126 1475 1167 ac
1489 1111 1626 1168 Benedicti
1651 1113 1705 1170 duo
1721 1113 1781 1172 ltlll
1802 1127 1833 1173 et

180 1208 257 1264 nicus
270 1204 436 1278 scriptorib)
455 1223 462 1260 :
481 1204 622 1267 Uumosus,
639 1203 687 1269 uit,
707 1212 730 1258 ct
764 1201 875 1258 Ursinus
900 1216 980 1272 supro
1031 1198 1103 1267 ltili,
1117 1216 1198 1272 quem
1212 1201 1257 1257 diu
1284 1202 1363 1258 nobis
1390 1213 1527 1259 servatum
1550 1204 1684 1277 cupimus.
1709 1207 1778 1278 Quin
1802 1211 1832 1266 in

181 1302 313 1356 hominum
338 1299 444 1353 strodunt
460 1296 495 1350 ud
519 1297 671 1368 rapicndum
697 1293 872 1364 Episcopatus
893 1293 980 1348 sedem
1032 1291 1155 1348 Romano
1170 1293 1345 1357 olcruiuxus.
1361 1306 1390 1351 cl
1403 1295 1582 1353 delinimesse
1604 1299 1752 1368 potuerint.
1778 1316 1833 1359 uon

132 1439 136 1445 .
178 1394 322 1461 ardentes,
349 1393 436 1447 scissis
470 1390 561 1445 studiis
587 1389 819 1460 conflictabantur,
845 1387 880 1440 od
901 1400 982 1454 usquc
1032 1398 1084 1453 ego
1109 1394 1196 1440 tecum
1222 1385 1395 1454 cotrlcndam;
1412 1387 1581 1444 iiludtanreo
1603 1391 1777 1459 monebote,
1801 1403 1831 1449 ul

180 1487 467 1556 mortisunlncrumque
494 1483 647 1537 discrimina
668 1480 827 1550 adiumentis
849 1479 982 1548 utriusqus
1033 1489 1093 1531 curn
1108 1476 1135 1530 in
1150 1491 1223 1533 eure
1245 1479 1383 1547 probanda
1408 1479 1601 1554 Hieronymum
1630 1493 1658 1539 et
1682 1481 1833 1540 Nazianzos.

181 1583 333 1653 pcoprcssis,
348 1594 406 1650 qnoe
420 1593 465 1632 nec
479 1577 606 1647 corripere
619 1574 754 1645 sufficiens
773 1569 922 1638 Iunonius,
936 1586 982 1625 nec
1034 1584 1098 1624 nrrnt
1114 1578 1199 1626 testes
1211 1569 1343 1639 adhibes,
1373 1572 1466 1629 uideas
1492 1573 1629 1643 quomodo
1651 1574 1732 1632 iidem
1761 1585 1834 1634 tuam

181 1673 294 1738 mollire,
311 1672 335 1726 oi
345 1686 442 1743 mnqno
459 1677 563 1723 coactus
576 1667 680 1722 secessit
690 1667 717 1719 in
732 1664 908 1719 suburbanum
922 1680 931 1718 .·
957 1671 981 1719 et
997 1695 1021 1757 B
1035 1661 1146 1729 liberes,
1161 1678 1251 1734 quoue
1264 1665 1325 1733 jure
1349 1664 1382 1721 iis
1395 1667 1553 1722 auctoribus
1562 1668 1600 1721 uti
1617 1666 1704 1737 possis
1725 1679 1754 1723 ut
1768 1667 1835 1724 Flo·

179 1765 587 1830 inconrmtationcsupernncrut
613 1757 756 1823 Dastracus,
781 1766 864 1829 purte,
889 1754 982 1824 quaeei
1034 1757 1093 1813 sido
1113 1767 1141 1834 οι
1166 1758 1288 1825 Bailleto,
1315 1760 1361 1832 qui
1389 1760 1455 1816 illud
1480 1760 1629 1818 Marcellini
1649 1762 1834 1820 testimonium

180 1861 281 1930 locabat
294 1860 427 1919 irntnntc,·
454 1865 604 1922 constatque
616 1855 642 1906 in
667 1851 777 1907 basilica
792 1849 916 1918 sicinini,
939 1849 983 1905 ubi
1034 1851 1110 1920 par-vi
1125 1851 1237 1919 iaciunt,
1250 1851 1416 1908 conlidentia
1429 1861 1502 1910 tauta
1517 1856 1641 1912 insultes.
1679 1901 1681 1903 .

181 1953 247 2007 ritus
259 1948 398 2006 Christiani
410 1958 449 2002 est
461 1945 677 2011 corruenticulnm,
694 1960 745 1999 uno
760 1945 802 1999 die
813 1953 916 1999 centnm
935 1943 984 1998 tri·
1069 1940 1114 1998 lll.
1128 1941 1182 1999 Sed
1197 1951 1227 1997 ut
1238 1958 1289 2014 eqo
1303 1956 1436 2010 revertar,
1450 1945 1522 2002 unde
1536 1945 1650 2003 discessi
1665 1964 1673 2014 ;
1697 1949 1832 2021 reliquum

179 2046 253 2118 pinta
275 2053 373 2114 septem
395 2050 497 2110 repertu
518 2041 645 2094 cadauere
663 2049 864 2109 peremptorum,
888 2035 983 2103 cp’ero·
1033 2044 1086 2101 est,
1103 2045 1133 2091 ut
1146 2037 1335 2107 praelationem
1351 2038 1385 2093 ad
1398 2038 1498 2096 Preces
1507 2038 1627 2097 Faustini
1642 2051 1670 2097 et
1683 2041 1834 2099 Marcellini

180 2148 282 2207 turrique
305 2135 410 2188 tandem
434 2132 480 2187 diu
503 2131 614 2202 plebem,
637 2145 706 2202 oepre
727 2139 816 2201 posteo
838 2127 981 2184 delinitum.
1033 2128 1222 2196 bucallernm,
1243 2130 1321 2201 cujus
1346 2130 1464 2203 scriptur
1490 2134 1582 2201 rebus,
1609 2144 1748 2204 qnoetunc
1771 2150 1835 2207 age-

179 2228 340 2286 Ammianus
351 2227 442 2296 itaque
453 2223 564 2279 minime
588 2224 686 2294 attigit,
709 2224 771 2293 quis
789 2232 884 2278 auctor
907 2222 981 2278 sedi·
1033 2219 1142 2288 bantur,
1155 2220 1276 2278 adluisse
1295 2222 1412 2279 ridetur.
1435 2223 1526 2280 Primo
1549 2226 1641 2297 itaque
1663 2228 1760 2283 recitat
1779 2229 1834 2285 lac-

179 2324 262 2380 tioois
276 2319 369 2386 luerit,
381 2321 482 2391 quique
493 2336 527 2377 ex
538 2321 571 2376 iis
583 2321 659 2391 prior
668 2319 742 2376 sedis
756 2320 920 2390 occupandae
934 2335 982 2376 ou·
1034 2313 1116 2370 lionis
1126 2327 1233 2381 causas,
1253 2315 1346 2388 sitque
1359 2315 1519 2403 Ursinianus
1531 2333 1580 2374 eos
1592 2320 1667 2389 ipsus
1687 2335 1748 2378 esse
1762 2335 1833 2392 pne·

180 2413 271 2486 pidus,
285 2414 397 2468 alterius
411 2412 573 2468 electionem
590 2412 750 2468 turbaverit.
766 2410 837 2466 Nihil
850 2420 981 2481 praterea
1032 2403 1122 2461 claros
1134 2406 1217 2474 siros,
1227 2406 1274 2477 qui
1285 2408 1417 2478 integram
1430 2408 1540 2466 Liberis
1553 2409 1633 2466 fidem
1644 2421 1830 2470 scri-sverans,

180 2507 215 2564 de
229 2504 434 2562 auctorecaedis
453 2506 479 2559 in
495 2503 631 2561 Siciniona
656 2504 769 2560 basilica
795 2511 981 2575 perpennam
1032 2497 1176 2553 barrrasum
1192 2512 1258 2554 uero
1280 2499 1397 2572 elegisse
1420 2499 1547 2572 perjurias
1575 2502 1648 2566 illos.
1675 2505 1722 2576 qui
1747 2504 1834 2563 Felici

180 2597 357 2671 quamobrem
383 2596 452 2652 nihil
470 2611 504 2653 ex
529 2596 581 2651 hoo
602 2595 661 2652 loco
675 2595 765 2667 colligi
779 2605 882 2664 potest,
908 2595 981 2667 quud
1033 2592 1163 2662 primum,
1176 2607 1264 2664 eoque
1276 2592 1338 2649 latis
1354 2593 1459 2663 irsncto,
1472 2602 1520 2651 ant
1534 2597 1677 2654 abdicante
1693 2599 1834 2671 pontihca·

182 2690 341 2764 llieroopmi
352 2705 384 2746 ae
396 2689 486 2746 liuilni
506 2689 691 2747 testimonium
707 2689 836 2756 inhrruet,
851 2689 981 2763 quidquid
1034 2693 1101 2750 lustr,
1117 2690 1215 2742 iterum
1239 2685 1347 2743 Liberio
1363 2698 1509 2757 paruerant
1532 2706 1539 2742 :
1566 2690 1714 2760 quibusad
1734 2702 1833 2748 contu-
1870 2740 1877 2755 ‚

181 2784 445 2842 Gallicolitterarurn
460 2785 491 2839 [l.
506 2783 644 2839 Ambrosii
667 2785 807 2855 interpreti
824 2784 909 2839 uisum
925 2787 982 2840 lue·
1023 2779 1149 2835 ,maclam
1173 2778 1405 2836 cohonestandum
1420 2781 1580 2849 premissis,
1608 2789 1664 2838 tum
1689 2782 1749 2839 baec
1772 2786 1830 2853 alt;

178 2879 225 2946 rit,
243 2879 414 2935 Ammianum
441 2879 482 2936 sic
495 2878 668 2950 intelligenti,
690 2885 720 2933 ut
732 2892 826 2934 esrum
842 2877 981 2935 turbarum
1035 2891 1045 2926 t
1064 2872 1130 2929 Item
1144 2885 1244 2930 octauo
1255 2872 1386 2930 kalendas
1405 2872 1542 2941 Octobris,
1556 2875 1685 2932 Gratiano
1699 2887 1728 2934 et
1744 2878 1832 2949 Uaga-

181 2970 327 3029 Damasum
339 2987 414 3029 reum
430 2968 526 3027 lecerit
538 2969 584 3042 (c).
1031 2963 1095 3020 lnilo
1123 2978 1226 3031 conss,
1262 2963 1386 3020 Liberius
1411 2964 1536 3021 humanis
1568 2966 1650 3021 rebus
1685 2969 1829 3027 eximitur.

217 3064 375 3137 hnoriymns
391 3064 517 3120 Historiae
527 3078 694 3120 summorum
709 3063 867 3136 printihcum
890 3063 1014 3139 scrip-(2
1031 3059 1107 3116 Turne
1125 3058 1277 3132 presbyteri
1291 3069 1320 3116 et
1332 3058 1463 3116 diaconus
1491 3059 1615 3129 Ursinus,
1630 3061 1787 3129 amantius,
1802 3075 1830 3123 ct

179 3167 234 3224 tor,
250 3161 328 3228 cuius
341 3159 474 3229 superiori
488 3159 578 3229 capita
591 3158 697 3213 inscitia
716 3168 745 3214 et
762 3157 832 3212 nrala
847 3156 915 3213 tides
927 3170 978 3213 no·
1030 3150 1132 3220 Lupus.
1145 3167 1206 3208 cum
1221 3151 1300 3222 plebe
1313 3161 1417 3215 salicta,
1433 3166 1494 3223 qnae
1508 3150 1618 3209 biberin
1632 3154 1713 3211 hdem
1738 3170 1832 3215 serva·

180 3258 237 3307 tata
247 3258 298 3315 est,
315 3258 371 3306 tum
386 3249 448 3316 boc,
472 3259 528 3305 tum
541 3250 596 3305 alio
610 3250 713 3306 celebri
730 3250 879 3307 llarcellini
902 3249 980 3306 testi·
1032 3255 1129 3301 terant
1141 3245 1167 3300 in
1179 3244 1276 3301 exsilio
1288 3243 1449 3309 constituto,
1460 3255 1603 3314 coeperunt
1616 3246 1644 3301 in
1659 3247 1768 3304 basilica
1780 3249 1831 3306 lu·

180 3344 284 3410 monio,
299 3360 313 3398 a
326 3343 442 3399 Barronin
457 3342 497 3413 (d)
512 3344 595 3399 etiam
609 3343 742 3414 producto
766 3346 861 3412 utitur,
886 3355 915 3400 ut
928 3343 980 3398 Ua·
1030 3343 1059 3398 lii
1074 3342 1234 3412 procedere,
1247 3342 1336 3398 etsibi
1351 3341 1478 3399 Ursinum
1488 3342 1632 3398 diaconum
1647 3342 1685 3416 (q)
1701 3343 1829 3399 inlocum

181 3448 257 3489 maso
291 3432 390 3491 iastum
419 3433 586 3507 deliciasque
612 3435 759 3506 exprobret
787 3435 835 3509 (c).
861 3434 981 3506 hinnitus
1031 3435 1130 3492 Liberii
1144 3435 1265 3491 ordinari
1281 3435 1443 3506 deposcunt.
1471 3435 1578 3506 Periuri
1598 3450 1664 3491 veru
1678 3435 1705 3491 in
1720 3433 1830 3492 luctnls

181 3526 316 3599 proiecto,
329 3543 362 3584 ac
373 3528 515 3599 splendor,
546 3543 600 3600 qno
618 3528 692 3586 Deus
715 3530 865 3585 Romanam
886 3528 983 3585 tlecle·
1031 3529 1176 3584 Damasum
1189 3528 1239 3585 sibi
1255 3528 1413 3599 episcopum
1426 3529 1452 3584 in
1470 3528 1559 3584 locum
1578 3527 1679 3585 Felicis
1701 3540 1831 3600 expostu-

180 3618 246 3674 siarn
259 3619 353 3686 ausit,
367 3618 538 3681 erbaticorunt
550 3632 681 3691 perpetuo
707 3630 735 3679 et
747 3623 899 3679 invidorum
915 3636 980 3678 ocu·
1031 3621 1107 3678 larrt:
1122 3619 1250 3677 Ursinum
1261 3619 1361 3677 Paulus
1374 3620 1412 3692 lt)
1424 3619 1583 3676 Tiburtinus
1597 3620 1739 3677 benedicit.
1751 3621 1831 3689 Quod

179 3712 221 3768 los
236 3712 404 3785 perstrinxit,
422 3713 574 3784 quosinter
588 3716 653 3783 quin
673 3723 703 3770 tn
723 3716 907 3781 recensearis,
930 3714 981 3770 do·
1031 3715 1076 3772 ubi
1103 3715 1251 3782 Damasus,
1271 3714 1315 3787 qui
1341 3728 1449 3784 semper
1472 3715 1659 3786 episcopatum
1684 3713 1830 3780 ambierat,

179 3806 301 3877 leaeque.
316 3805 407 3862 nullus
420 3804 527 3861 dubito.
543 3809 578 3861 nt
590 3805 732 3862 meliorem
753 3815 812 3860 ate
827 3806 920 3875 ddecus,
933 3816 980 3863 aut
1031 3810 1176 3877 comperit,
1203 3821 1301 3864 omnes
1324 3807 1511 3881 quadrigarios
1530 3816 1558 3864 et
1579 3807 1731 3878 imperitam
1758 3807 1830 3862 mul·

178 3900 293 3953 rationis
312 3899 365 3952 uirn
378 3898 497 3968 postulo,
513 3912 575 3953 curn
596 3896 653 3952 baec
668 3896 729 3952 ais:
748 3916 758 3951 t
776 3898 818 3953 An
834 3914 901 3954 vero
915 3899 978 3969 quia
1031 3899 1176 3955 titudinem
1201 3900 1290 3969 pretio
1313 3899 1444 3968 concitat,
1460 3910 1488 3955 et
1509 3911 1629 3965 armatus
1660 3899 1779 3957 fustibus
1794 3900 1829 3957 ad

178 3987 307 4044 ilonrunae
320 3988 449 4043 Ecclesia
464 3997 642 4057 prouenturum
656 3987 757 4044 affatim
772 3988 869 4058 luerat,
883 3993 980 4046 hama·
1029 3992 1169 4050 basilicam
1181 3991 1246 4049 lolli
1263 3995 1425 4063 perrumpit,
1445 4002 1472 4050 et
1488 4008 1583 4064 maqos
1604 3994 1679 4050 caede
1707 3994 1828 4050 bdelium

177 4096 225 4139 sus
240 4080 326 4146 lusui,
355 4079 515 4152 deliciisque
538 4080 670 4137 deditos?
689 4084 730 4137 dn
746 4083 779 4138 ris
804 4083 841 4138 uti
857 4099 910 4140 non
931 4098 979 4155 po·
1029 4101 1079 4160 per
1099 4086 1216 4144 triduum
1231 4086 1416 4144 debacchatus
1430 4098 1482 4144 est.
1496 4088 1562 4144 Post
1573 4089 1633 4145 dies
1646 4098 1751 4159 septem
1765 4104 1829 4145 cnm

177 4174 228 4230 tuit
243 4171 406 4246 pauperihus
419 4172 535 4241 alendis,
553 4173 672 4244 hospitio
688 4174 857 4246 excipiendis
872 4178 979 4248 episoo·
1029 4179 1156 4236 urnrribus
1170 4180 1298 4250 perjuriis
1321 4190 1348 4236 et
1362 4180 1505 4243 arenariis,
1517 4194 1588 4251 quos
1607 4180 1709 4251 ingenti
1733 4197 1829 4238 curru·

175 4267 229 4340 pis,
246 4266 411 4336 templorum
425 4268 517 4333 nitori,
533 4277 561 4322 et
575 4267 660 4324 cultui
672 4270 855 4339 procurando,
868 4286 901 4328 ac
915 4273 980 4330 reli·
1029 4274 1069 4346 pit
1083 4273 1180 4345 pretio,
1192 4273 1403 4331 bateranensem
1417 4273 1556 4330 basilicam
1571 4273 1669 4341 tenuit,
1685 4285 1710 4332 ct
1726 4274 1762 4330 ibi
1783 4290 1829 4331 or·

175 4359 249 4433 pioni
262 4358 418 4415 christianas
430 4347 632 4430 pronr'onendae,
649 4371 678 4417 ut
702 4375 831 4421 corrstsns
843 4368 977 4424 llomano·
1028 4366 1137 4422 dinatus
1151 4366 1306 4437 episcopus,
1320 4375 1349 4422 et
1362 4367 1498 4423 sedinrens
1506 4365 1625 4438 judicem
1639 4366 1716 4422 orbis
1728 4365 1829 4424 viceri-

176 4470 236 4511 rum
251 4454 409 4527 pontificum
423 4455 593 4512 consuetudo
608 4456 659 4513 luit
672 4457 730 4531 (Ui
748 4479 758 4514 s
775 4461 853 4529 Quird
874 4462 898 4517 si
917 4458 1109 4533 quisDtium,
1134 4470 1163 4518 et
1187 4463 1345 4532 praelectum
1369 4477 1486 4519 annonae
1505 4461 1653 4529 lulianum,
1677 4461 1704 4518 id
1718 4462 1776 4533 epit
1798 4471 1829 4518 ut

175 4547 333 4619 aliquando,
347 4548 520 4620 sequioribus
543 4551 695 4621 presertim
710 4553 834 4621 sacculis,
862 4553 975 4611 meliora
1031 4555 1146 4612 Ursinus
1170 4555 1212 4610 uir
1231 4538 1404 4622 recensitis,
1427 4555 1473 4626 qui
1495 4554 1570 4625 prius
1595 4553 1683 4610 linerat
1707 4553 1827 4624 prontilex

174 4637 350 4698 decessorum
369 4640 494 4713 exempla
519 4642 752 4701 minimcsecutus
779 4654 833 4713 est,
858 4643 902 4700 his
925 4645 976 4702 ad·
1027 4647 1179 4717 ordinatus,
1191 4661 1252 4703 cum
1267 4646 1395 4705 Amantio
1406 4655 1435 4704 et
1446 4647 1524 4719 Lupo
1533 4646 1704 4716 diaconibus,
1718 4647 1828 4704 inexsi-

223 4822 251 4888 ι)
273 4822 355 4946 GU*
372 4822 460 4895 Epist.
476 4825 522 4887 52,
540 4823 640 4878 Veron.
657 4822 723 4879 edit.
1062 4828 1098 4903 (s)
1119 4827 1182 4885 vid.
1203 4828 1303 4886 Euseb.
1321 4828 1355 4886 tl.
1366 4830 1413 4896 E„
1436 4828 1687 4901 ttb.1v,oap.sa;
1714 4829 1762 4886 lib.
1775 4844 1825 4901 mr,

171 4891 482 5021 Jo.bUlUUr't¹r¹chUbUUU
496 4895 973 5027 3οιὶιῐὲἰξῗιιοίιιιῃιιιοιιξὼιιιῃιῗῆἰξαιθῃο’
1025 4899 1195 5043 quUUnde
1207 4971 1288 5044 igitur
1303 4971 1435 5041 scriptor,
1450 4972 1495 5056 qui
1511 4971 1616 5029 litteras
1638 4971 1670 5027 ll.
1686 4972 1825 5030 Ambrosii

208 5057 357 5133 (aaran.
379 5056 412 5112 ἰ’
427 5056 515 5130 spa
532 5059 576 5115 ¹¹·
1023 5030 1825 5172 l:ith‘ltlittlttthti'¹natatilibus

207 5149 415 5226 (Uilli-5⁶⁷·
1023 5184 1180 5242 illesldeat.
1623 5131 1641 5186 Ρ
1703 5131 1721 5188 y
1815 5158 1825 5187 ’

208 5247 244 5308 lel
259 5248 300 5302 0n
327 5262 361 5302 ne
381 5244 594 5302 sauraitdontcr
617 5261 671 5318 que
693 5248 807 5306 banrase
831 5250 971 5307 lui-meme
1061 5255 1100 5327 (ir)
1120 5254 1294 5320 Athanasius,
1313 5253 1392 5324 spol.
1408 5266 1498 5313 contr.
1519 5257 1614 5313 brian.
1641 5272 1717 5313 rrum.
1743 5255 1780 5314 58
1794 5266 1823 5314 et

171 5329 207 5370 ne
221 5314 260 5371 ιιι
279 5316 387 5374 adsone
404 5332 437 5372 ao
456 5319 517 5374 lose
541 5328 568 5373 et
595 5334 647 5374 sus
667 5317 802 5375 drinceurs
823 5321 904 5376 d'une
925 5325 970 5380 vie
1022 5325 1049 5382 in
1066 5328 1152 5397 Epist.
1165 5322 1290 5382 adsolit.
1305 5342 1381 5382 narn.
1396 5326 1443 5395 26,
1469 5327 1599 5392 libellum,
1626 5343 1681 5400 quo
1695 5327 1824 5385 Ursacius

169 5386 264 5450 multe,
288 5391 401 5471 pirisque
417 5388 565 5459 Pretextnt,
589 5390 635 5461 qni
655 5390 692 5445 int
708 5392 805 5452 deiruis
829 5395 914 5462 pretet
933 5394 969 5451 de
1021 5408 1049 5453 et
1065 5397 1206 5460 varinnas
1234 5395 1308 5454 totto
1330 5399 1436 5454 versiam
1467 5399 1608 5466 deprecari
1635 5401 1722 5458 coacti
1745 5410 1823 5468 sunt,

169 5451 267 5519 lisuino,
277 5457 398 5514 lurdrsnh
408 5476 455 5529 par
482 5462 636 5520 laisaruerie
649 5481 656 5518 ι
670 5479 680 5514 ι
694 5462 851 5520 Faites-ruoi
862 5464 968 5536 eisque
1020 5468 1071 5524 sibi
1085 5469 1273 5525 transrnissum
1287 5472 1406 5526 scribita
1427 5468 1542 5525 Paulino
1555 5471 1665 5544 τιὸἑρων
1680 5475 1820 5543 episcopo,

169 5478 507 5616 dehonestd'aborsUje
523 5533 967 5619 seraiohretiemsceqn'onsei·
1018 5539 1141 5597 Nunnius
1156 5539 1325 5596 Tibarenum
1346 5542 1439 5604 uertit,
1453 5556 1485 5596 ac
1503 5540 1555 5598 BB.
1584 5540 1749 5598 Tiburtinum
1780 5547 1824 5599 in·

122 5660 125 5668 Ι
168 5594 964 5722 gneusdecettcconsrderatronn'edtpasdtt‚stlacori-
1018 5610 1358 5682 telliqrrrrt,relntiiiomae
1380 5612 1554 5683 proximarum
1583 5611 1653 5670 lorte
1677 5613 1768 5685 itaque
1798 5615 1821 5670 is

189 5676 244 5723 urae
262 5666 297 5722 tle
310 5665 424 5725 barnnse
436 5673 481 5728 ebt
491 5672 536 5732 dte
548 5691 583 5732 un
595 5688 645 5748 peu
659 5677 719 5750 plns
728 5678 908 5749 apostolique.
1016 5680 1064 5738 ille
1079 5689 1132 5752 cst,
1151 5683 1196 5754 qui
1212 5684 1363 5742 Ursicinum
1373 5681 1514 5742 ordinasse
1537 5681 1648 5740 dicituri
