3900 6134
140 193 196 254 335
725 182 882 243 SANCTUS
901 179 1064 240 bblleUS
1084 179 1186 239 etet.
1742 178 1796 241 336

141 307 284 372 causaliter
296 304 439 371 conuenire,
455 301 506 358 nisi
522 309 567 356 out
581 300 604 356 ie
624 300 749 357 reddatur
759 298 942 356 Constantino-
954 302 982 366 Α
993 306 1052 354 crat
1066 296 1196 353 Ecclesiae
1218 291 1408 359 antiochenae,
1427 307 1489 350 cum
1501 290 1636 380 Diodorus
1649 293 1792 355 tomensis

144 402 211 475 poti,
233 400 276 472 qni
291 398 363 468 prior
377 405 413 450 est
429 395 577 460 ordinatus,
597 401 642 447 not
664 403 731 448 certe
742 408 819 463 super
834 390 945 445 duonum
994 408 1056 449 eum
1085 407 1134 463 pro
1160 388 1287 447 Nectario
1311 398 1455 459 rogaturus
1483 389 1620 445 accessitl
1648 389 1790 448 Flauianos

144 494 335 551 ordinationem
345 489 378 543 ait
391 489 419 542 ia
432 487 495 542 urie
507 485 603 554 Romo,
617 495 744 554 nostrum,
761 483 946 539 Orientalium·
994 487 1066 544 enim
1081 486 1218 556 episcopus
1232 483 1385 540 sozomeno
1398 493 1468 540 teste
1488 483 1638 540 indiculum
1651 485 1789 557 eligendo·

54 595 60 602 ’
142 603 193 658 que
207 582 358 639 concilium.
372 579 492 635 Primum
507 588 598 635 antem
611 578 655 632 uin
666 591 794 647 umquam
810 574 881 630 dabo
894 588 945 644 eqo
983 595 1054 651 rum
1069 577 1218 648 componit,
1234 576 1391 633 Theodosio
1410 577 1569 645 imperatori
1581 578 1672 645 ollert,
1693 594 1725 635 ac
1740 581 1793 649 pri·

143 678 202 736 baec
213 674 297 733 scribi
308 674 430 747 potuisse
445 674 479 729 ab
490 672 576 728 ltalia·
586 672 733 726 vicariatus
743 667 891 740 episcopis,
902 665 946 722 in·

142 770 281 837 consulto,
298 783 330 824 ac
347 776 515 839 repugnante
535 765 661 821 Romano
682 763 823 835 episeopo,
839 761 883 816 cui
899 775 946 830 pa·

143 865 251 923 rebant.
267 861 370 918 Deinde
388 862 484 915 lttlsttttt
507 873 569 915 esse
581 870 676 912 assero
692 866 797 926 ruptam
817 865 945 924 amquam

143 960 228 1016 luisse
242 955 436 1013 Occidentales
460 955 575 1009 lateret
600 950 754 1007 orientales
772 946 945 1005 communio-

144 1066 206 1107 nem
235 1049 271 1105 ob
298 1046 415 1104 Nectarii
441 1054 536 1102 contra
561 1044 706 1100 maxumum
727 1038 944 1106 ordinationem

143 1155 224 1215 atque
238 1143 264 1197 in
277 1149 372 1212 aperto
385 1146 498 1210 ροιιιιιιι,
516 1137 543 1193 ni
555 1136 646 1204 labor,
658 1132 806 1192 Soaomeni
820 1147 852 1189 ac
863 1131 946 1187 Bnni-

995 687 1054 728 mas
1076 671 1103 726 io
1122 670 1258 728 electione
1277 669 1397 726 Nectarii
1414 681 1505 741 partes
1518 671 1575 739 agit
1594 687 1650 728 :an
1667 686 1735 728 tero
1748 672 1794 730 ille

994 765 1130 836 episeopus
1149 763 1203 820 dici
1228 761 1313 834 potuit
1336 773 1400 818 astte
1426 776 1554 818 nuanuum
1578 762 1793 835 irupositionem,

995 865 1043 913 aut
1054 866 1117 912 tunc
1128 856 1214 911 diuisa
1231 853 1393 925 episcopalis
1407 862 1527 925 potestas
1539 855 1567 910 in
1587 856 1738 926 duplicem,
1750 856 1796 927 itt·

995 948 1162 1005 risdictionis
1181 947 1286 1004 scilicet
1308 956 1335 1003 et
1349 946 1464 1013 ordinis,
1492 958 1521 1003 ut
1534 946 1591 1005 bec
1612 947 1650 1005 illi
1671 950 1795 1007 nondum

995 1040 1122 1099 ordinato
1136 1040 1220 1097 licere
1242 1041 1410 1111 potuissent?
1431 1038 1490 1095 Non
1506 1040 1607 1112 itaque,
1620 1043 1691 1113 quod
1711 1043 1794 1115 buirus

995 1134 1119 1206 epistolae
1133 1134 1250 1204 scriptor
1262 1132 1310 1201 ait,
1324 1132 1473 1189 Flauianus
1490 1131 1620 1201 Nectarii,
1635 1136 1682 1191 sed
1693 1135 1794 1193 Necta-

142 1233 205 1291 lacii
221 1248 296 1305 papae
308 1231 462 1289 testimonie
481 1247 487 1282 :
504 1231 573 1284 alter
586 1227 659 1284 enim
674 1242 753 1282 unam
774 1234 877 1281 tantum
890 1221 945 1279 orti
995 1227 1053 1283 rios
1067 1226 1188 1283 Flauiani
1204 1242 1286 1298 opem
1300 1234 1328 1282 ot
1341 1227 1456 1283 consilio
1475 1227 1621 1300 episcopus
1634 1236 1677 1286 est
1690 1231 1795 1287 consti-

143 1328 214 1386 inter
229 1339 372 1398 utramque
387 1340 497 1382 causant
508 1322 614 1379 dissidii
629 1321 763 1378 rationem
777 1318 867 1385 allert,
882 1317 944 1374 Fla·
996 1329 1080 1375 tutus.
1097 1320 1139 1375 lle
1160 1335 1213 1374 non
1238 1318 1305 1375 latet
1327 1318 1541 1387 'lillemontium
1565 1321 1610 1389 qui
1633 1319 1795 1380 Flavianum

143 1420 215 1477 viani
228 1420 332 1477 scilicet
350 1420 547 1489 episcopatum,
562 1429 648 1486 enque
662 1414 697 1469 de
710 1425 793 1468 causa
804 1410 947 1466 dumtaxat
996 1411 1231 1482 Constantinopoli
1247 1410 1428 1483 designatum,
1442 1409 1595 1468 Aritiocbite
1610 1426 1675 1469 sero
1688 1412 1796 1470 ordina·

145 1513 302 1572 Orientales
327 1514 361 1570 ad
387 1512 540 1567 Romanum
567 1507 715 1565 cottcilium
743 1511 872 1562 evocatos
896 1502 946 1560 do-
996 1512 1053 1560 tum
1069 1514 1155 1575 putat,
1171 1503 1318 1561 Soaomeni
1338 1503 1487 1560 sollicitare
1506 1502 1586 1560 lldem
1602 1504 1650 1576 (e).
1675 1505 1797 1578 Ateius

142 1617 187 1665 cet
203 1607 261 1680 (o);
276 1607 345 1662 alter
361 1621 427 1662 vero
444 1604 503 1659 bac
516 1602 633 1659 scribit:
652 1599 812 1656 Tireodosius
828 1597 945 1654 Nectarii
996 1596 1090 1668 opinio
1108 1596 1182 1654 nollo
1202 1612 1315 1670 prorsus
1338 1605 1407 1653 teste
1426 1598 1541 1664 nititur;
1556 1591 1683 1671 dic'toque
1706 1599 1795 1657 Soso-

142 1700 343 1766 ordinotionem,
366 1708 502 1769 propterea
522 1696 592 1767 quod
614 1695 641 1749 in
664 1703 752 1754 nostro
766 1695 871 1749 notione
892 1708 944 1748 non
958 1690 984 1751 tt
997 1691 1070 1749 meni
1095 1691 1175 1748 ludent
1198 1693 1295 1748 astruit
1317 1693 1442 1764 epistola,
1468 1708 1549 1764 quam
1569 1692 1720 1753 orientales
1741 1697 1796 1754 lla·

141 1803 218 1862 esset,
236 1793 328 1848 lolem
352 1808 404 1845 nou
426 1790 579 1846 existimem
593 1788 752 1859 pronitatem,
776 1787 861 1842 missis
882 1787 946 1841 elo·
983 1802 1085 1863 ¹ntaso,
1102 1786 1259 1855 Ambrosio,
1273 1787 1388 1856 aliisque
1401 1787 1561 1844 iullontana
1573 1789 1794 1862 synodocollee·

140 1893 195 1942 tere
213 1886 306 1941 aulicis
324 1900 383 1939 cunt
398 1883 536 1956 episcopis,
551 1882 764 1955 formationum
787 1881 877 1937 erede
891 1879 945 1936 flo-

140 1997 218 2037 mono
232 1980 312 2052 diripi
326 1978 478 2051 regulariter
491 1978 653 2051 depoposcit,
674 1992 732 2048 quoe
747 1979 805 2049 ejus
824 1975 945 2031 socerdo-

141 2075 207 2131 tiom
231 2077 362 2129 roboraret
382 2072 442 2147 (o);
467 2071 539 2127 nialla
560 2072 651 2142 itaque
666 2078 778 2142 propter
797 2069 943 2126 blasimum

139 2168 274 2238 reiectum
293 2165 420 2236 quaestio,
436 2173 481 2218 aut
505 2163 650 2219 ‘dissidium
674 2177 736 2219 cum
759 2161 944 2220 Orientalibus

140 2255 239 2325 luerat,
257 2256 387 2326 nullaque
406 2254 606 2311 communionis
627 2270 660 2309 ox
675 2270 708 2311 eo
721 2254 810 2325 capite
831 2255 943 2310 abrom-

141 2349 238 2422 pendae
253 2363 335 2406 causa
351 2348 465 2406 subesse
478 2356 593 2419 poterat.
611 2347 680 2404 llioc
695 2348 722 2404 in
737 2347 862 2404 Romano
874 2362 943 2405 con-

144 2443 210 2500 cilio
232 2457 294 2500 cum
313 2442 409 2499 eodem
433 2440 560 2498 Nectario
585 2441 743 2497 oomntunio
768 2441 860 2497 statim
882 2454 943 2497 sus·

60 2525 64 2531 ¹
140 2545 218 2609 cepta
232 2545 285 2602 est,
301 2535 461 2592 Flavianum
475 2551 541 2591 tero
554 2537 589 2591 ab
602 2535 731 2591 otnrtibos
743 2535 876 2606 rejectum
890 2534 944 2592 sci·

142 2643 202 2685 mus
222 2643 351 2683 :summo
377 2625 467 2698 itaque
487 2626 547 2697 jure
570 2641 631 2683 cam
653 2625 767 2682 llicltael
794 2627 943 2698 imperator

141 2721 265 2794 ejusdem
279 2721 396 2777 Nectarii
411 2720 548 2791 exemplo,
565 2719 654 2774 lluotii
673 2718 836 2775 electionem
852 2731 943 2779 tuere·

997 1884 1032 1939 tis
1053 1881 1189 1954 episcopis
1210 1897 1284 1937 anno
1298 1881 1352 1938 582
1373 1896 1406 1937 eo
1421 1883 1537 1938 consilio
1558 1885 1738 1954 scripserunt,
1764 1888 1804 1943 ιιι·

996 1991 1089 2033 corum
1109 1990 1169 2048 quoe
1184 1976 1211 2031 io
1224 1974 1524 2047 Constantinopolitano
1540 1985 1665 2033 anteacta
1687 1979 1795 2051 syuodo

995 2078 1071 2142 gesta
1095 2085 1109 2124 a
1129 2068 1286 2134 sciuerunt,
1302 2071 1436 2127 ratirntem
1458 2069 1613 2138 redderent,
1637 2071 1716 2143 cujas
1735 2072 1795 2129 barc

995 2173 1059 2219 sunt
1085 2161 1167 2218 verba
1193 2181 1200 2216 :
1223 2160 1416 2234 Antiquissimte
1443 2179 1503 2218 nero
1533 2163 1560 2219 ιἰι
1589 2162 1668 2236 Syrio
1700 2164 1793 2221 Antio·

995 2255 1083 2322 coepe
1117 2255 1241 2311 Ecclesite
1274 2256 1533 2324 reverendissimum,
1571 2267 1595 2313 et
1629 2258 1795 2330 religiosissi-

995 2363 1065 2403 mum
1085 2350 1234 2422 episcopum
1257 2348 1430 2427 Florianum,
1458 2359 1513 2404 tum
1536 2349 1610 2406 illius
1636 2352 1791 2423 marineio,

995 2449 1049 2495 tum
1080 2441 1219 2497 orientalis
1241 2442 1356 2498 dioecesis
1377 2444 1491 2516 episcopi
1513 2444 1541 2500 in
1574 2460 1655 2501 unum
1686 2463 1795 2520 conpre-

994 2537 1048 2608 qoti
1080 2536 1283 2603 ordinaverunt,
1317 2547 1369 2593 totu
1399 2536 1518 2595 Ecclesia
1547 2542 1736 2608 consentiente,
1768 2552 1794 2600 et

994 2627 1069 2697 quasi
1093 2643 1144 2682 arno
1160 2645 1204 2683 ore
1228 2629 1312 2692 uirum
1337 2629 1471 2697 laudante,
1497 2648 1574 2702 quom
1591 2633 1695 2704 quidem
1709 2635 1795 2708 lepits'·

993 2736 1061 2776 suoru
1079 2722 1268 2777 ortlinolt'oncnt
1292 2723 1369 2778 etium
1397 2738 1511 2781 stnoutts
1541 2741 1674 2784 natusest
1692 2742 1794 2786 susce·

140 2821 196 2882 tor,
211 2811 337 2869 Nicolaus
352 2812 363 2867 l
377 2814 529 2882 rescripsit,
540 2805 692 2867 Nestorium
709 2827 767 2867 uere
788 2813 943 2870 catholicum
993 2828 1050 2869 ιιι.
1066 2813 1123 2870 Non
1136 2831 1265 2886 negamus
1279 2816 1371 2887 igitar,
1399 2820 1464 2889 quin
1478 2819 1657 2877 Antiochense
1680 2823 1794 2892 proriu-

141 2905 437 2978 Conrtootinopolitonoe
456 2903 582 2960 sconsio
604 2905 779 2976 pubernooolo
800 2906 943 2977 suscepisse
993 2907 1044 2962 cia·
1058 2915 1086 2963 et
1098 2906 1245 2965 Orientalis
1260 2907 1387 2967 dioecesis
1398 2912 1530 2982 episcopi,
1544 2912 1679 2972 [liodorus
1692 2929 1794 2989 nempe

40 3068 42 3073 Ι
139 2999 197 3054 sine
214 2996 349 3062 scandolo,
374 3011 432 3053 sune
447 3010 485 3067 ιι,
506 3010 565 3052 stau
586 3011 651 3052 οιιιιι
674 3010 840 3063 scansurum
855 3006 880 3051 et
901 2995 942 3051 id·
994 2997 1138 3055 Tarsensis
1149 3012 1177 3056 et
1191 3003 1307 3058 bcacius
1320 3003 1646 3063 licroeensisFlaviaoum
1661 3007 1793 3068 ordinare

140 3093 209 3147 ‘3¹⁶⁰
225 3091 286 3146 bene
299 3100 322 3144 tl
336 3090 432 3162 velim
449 3096 546 3144 ⁸⁰¹1&oe
559 3088 679 3143 mund&
693 3088 805 3160 ιιιθᾶθ,
817 3088 977 3159 ‘levaldi-C
995 3094 1140 3162 potuerint,
1154 3094 1226 3165 quod
1242 3095 1280 3150 illi
1294 3096 1369 3152 aiunt
1386 3097 1452 3153 :scd
1464 3112 1526 3155 ctum
1537 3099 1640 3156 addunt
1650 3102 1706 3174 ejus
1721 3102 1795 3159 ortt-

139 3200 178 3240 tte
191 3182 260 3239 retiis
275 3183 428 3237 auctoritate
442 3182 515 3254 suine
528 3180 565 3234 ita
578 3179 610 3235 de
616 3177 748 3235 Nectario'
755 3178 885 3248 placuisse
891 3179 939 3253 (c),
993 3186 1122 3240 stationem
1140 3187 1172 3241 ab
1186 3188 1306 3244 uniuerso
1317 3191 1416 3261 syuodo
1438 3201 1581 3262 susceptam
1604 3209 1670 3262 esse,
1697 3203 1795 3267 aperte

143 3296 205 3352 qnae
219 3295 299 3349 qoam
315 3279 394 3349 longe
407 3276 505 3332 abeant
518 3275 553 3331 ab
566 3274 620 3341 luis,
634 3289 694 3345 que
716 3273 744 3329 in
760 3272 812 3331 bac
824 3272 941 3346 epistola
993 3290 1124 3350 praeterea
1139 3281 1255 3352 probant
1280 3299 1339 3339 eam
1353 3283 1588 3356 Cortstaotinopoli
1613 3287 1792 3359 celebratam,

144 3373 333 3439 enomiaotur,
346 3385 428 3428 tremo
440 3386 494 3426 non
504 3368 588 3425 videt.
992 3371 1038 3428 ubi
1057 3373 1178 3444 synodus
1190 3375 1304 3432 collecta
1315 3387 1373 3433 erat
1389 3355 1565 3450 :frustraque
1583 3381 1710 3439 Bulsinius
1733 3383 1794 3440 broc

178 3465 314 3537 S‘illllssw·
335 3462 376 3519 Ad
403 3465 460 3517 '¹³³0
484 3460 570 3516 nillil
594 3460 735 3531 ‘limbis
764 3458 871 3516 lieletio
894 3460 940 3517 de·
991 3466 1075 3521 uerba
1101 3466 1246 3538 detorquet
1270 3467 1303 3524 ad
1330 3469 1462 3541 synodum
1481 3471 1658 3529 antiochena
1683 3479 1796 3544 prosin-

61 3606 63 3610 .
103 3609 108 3616 ,
141 3555 369 3632 {auctol’ooliuo
384 3553 520 3619 superstite
535 3553 677 3622 contraius
696 3562 721 3607 et
740 3552 941 3608 ecclesiasticum
992 3556 1091 3630 circis)
1112 3574 1195 3613 :nant
1208 3560 1231 3614 si
1247 3559 1425 3617 Antiochense
1438 3564 1584 3632 prouinciae
1601 3574 1629 3622 et
1645 3565 1795 3625 orientalis

141 3653 268 3720 ordinent,
281 3647 442 3707 Flauianum
460 3663 511 3702 nott
531 3656 584 3702 tom
606 3646 782 3719 sttltopotum,
796 3662 874 3715 quom
897 3661 942 3700 su·
993 3648 1120 3705 dioecesis
1130 3651 1261 3722 episcopi,
1278 3654 1305 3707 in
1318 3670 1400 3708 utrum
1413 3655 1513 3711 collecti
1524 3645 1585 3714 eum
1601 3662 1734 3720 cartonice
1747 3676 1795 3720 or·

140 3746 300 3819 prepositum
322 3750 461 3807 asserunt,
477 3740 657 3805 consensione,
682 3747 706 3793 et
720 3737 829 3792 coonlio
846 3735 942 3792 Nesto·
993 3738 1266 3811 dinaveront,procul
1280 3743 1364 3801 dubio
1374 3748 1637 3822 expenderantJanr,
1650 3769 1685 3810 an
1699 3755 1745 3812 ille
1758 3757 1795 3815 ab

138 3841 193 3895 rii:
207 3855 261 3910 quo
284 3838 311 3892 in
327 3836 388 3891 loco
400 3833 490 3899 uides,
511 3831 672 3887 Flavianum
693 3839 784 3883 contro
807 3832 848 3902 sot
866 3837 942 3898 atque
993 3832 1152 3903 episcopatu
1166 3835 1272 3891 ratione
1289 3838 1380 3909 aliqua
1394 3851 1542 3910 arceretur,
1554 3852 1582 3900 ul
1598 3845 1723 3903 lerebsut
1734 3849 1794 3907 dis·

140 3930 341 3987 ecclesiasticum
355 3925 484 3988 ordinem,
499 3938 552 3977 non
572 3930 661 3976 eontra
675 3924 779 3991 poetam
794 3919 849 3975 lleo
871 3925 942 3975 teste
992 3924 1091 3996 ciplina
1104 3935 1132 3981 et
1154 3942 1294 3986 canantes:
1311 3933 1488 4002 quamobrem
1500 3950 1561 3992 curn
1576 3937 1695 4008 additur,
1715 3941 1797 4002 ortli·¹

140 4023 342 4082 constristatum,
360 4017 536 4088 subrogatum
549 4013 603 4070 dici
618 4031 625 4068 :
642 4019 671 4067 at
684 4012 764 4084 lustjus
786 4011 856 4083 pacti
879 4026 941 4067 cunt
994 4016 1130 4073 nationem
1146 4017 1219 4074 illam
1235 4021 1270 4076 ab
1280 4022 1399 4078 uniuoso
1412 4029 1511 4096 aquodo
1537 4040 1692 4099 susceptam
1718 4046 1794 4102 osee,

140 4114 246 4171 mentio
260 4120 351 4182 aperta
365 4108 400 4165 sit
413 4107 442 4163 in
453 4106 551 4162 litteris
562 4103 747 4177 Aquileiensis
760 4103 882 4169 concilii,
893 4116 942 4159 car
993 4108 1072 4166 aliam
1084 4115 1206 4181 omniuo,
1241 4128 1356 4185 eantque
1374 4118 1529 4188 grauiorem
1553 4121 1698 4193 designent
1710 4139 1790 4197 spuo

141 4205 273 4262 bocloco
289 4199 473 4273 praetermissa
495 4207 548 4265 est,
572 4197 594 4253 si
617 4195 778 4252 Ambrosius
800 4195 942 4266 utriusque
992 4198 1069 4267 (lulli,
1083 4199 1411 4277 Constantinopolitanam
1434 4210 1549 4277 scilicet,
1574 4228 1635 4284 quae
1651 4226 1715 4272 tunc
1729 4231 1796 4288 sgo-

141 4299 264 4373 epistolae
279 4306 374 4353 auctor
388 4301 439 4360 est,
456 4301 483 4350 et
499 4307 627 4364 triarnum
637 4304 738 4357 causae,
754 4305 835 4362 qoam
848 4289 942 4346 tueba·
992 4295 1082 4364 batur,
1096 4309 1126 4353 nt
1140 4299 1266 4356 Socrates
1280 4311 1375 4372 aperte
1396 4304 1513 4375 explicet
1525 4305 1575 4378 (q).
1591 4307 1738 4379 Gregorius
1751 4310 1796 4368 in·

140 4402 186 4451 tur
199 4391 304 4465 pondus
315 4386 477 4458 adjiciebat‘.l
493 4385 627 4442 Praeterea
643 4382 789 4440 Flauianus
800 4383 942 4439 ordinatus
993 4405 1075 4461 super
1089 4390 1279 4450 Nazianzenus
1294 4395 1330 4450 ab
1340 4396 1436 4454 amicis
1449 4414 1480 4455 se
1499 4408 1622 4470 rogatum
1633 4401 1683 4468 ait,
1707 4405 1796 4477 turpi.

138 4489 196 4556 jam
207 4484 296 4541 luerat
309 4478 497 4537 Antiocbenns
512 4478 667 4548 episcopus,
686 4491 748 4532 com
763 4474 797 4531 de
812 4474 938 4531 Nectario
950 4485 1044 4552 nque
1058 4483 1209 4541 etiamarte
1224 4493 1368 4552 tornatum,
1393 4499 1423 4544 ut
1447 4488 1577 4549 Flauiano
1597 4506 1659 4550 cum
1685 4497 1795 4553 ceteris

142 4594 178 4635 ne
192 4579 359 4649 cogitaretur
369 4571 489 4645 quidem.
517 4570 585 4627 ltem
599 4570 770 4626 sozomenus
789 4573 884 4622 narrat
899 4567 941 4623 bis
992 4572 1200 4645 suffragaretur,
1218 4587 1282 4634 ante
1295 4579 1438 4637 dimissum
1464 4584 1569 4640 scilicet
1593 4585 1793 4660 episcopatum,

140 4671 232 4728 verbis
245 4669 286 4739 (d)
302 4685 310 4721 :
324 4667 405 4722 Forte
418 4663 587 4720 Diodorus...
604 4661 759 4717 Nestorium
776 4665 941 4733 conspicatus
992 4678 1024 4720 ac
1037 4666 1153 4723 concilio
1164 4667 1224 4735 illo,
1240 4671 1284 4726 cui
1298 4673 1471 4743 presidebat,
1486 4677 1605 4734 nondum
1625 4679 1737 4749 soluto;
1753 4682 1795 4742 ιο.

139 4779 198 4820 eunt
213 4762 362 4834 episeopmn
375 4759 482 4830 diqnum
495 4772 550 4812 esse
570 4755 680 4822 censuit,
703 4754 839 4827 statimque
860 4755 887 4809 io
901 4756 943 4811 in-
991 4768 1071 4829 gatar
1085 4768 1139 4816 tota
1151 4761 1210 4833 ejus
1225 4768 1263 4821 rel
1286 4765 1373 4824 series
1394 4768 1597 4841 elegantissime
1620 4773 1656 4832 ab
1680 4791 1714 4833 eo
1741 4777 1794 4837 de-

141 4853 308 4910 tinternensis
323 4866 426 4906 recessu
441 4848 596 4920 euprepium
608 4864 684 4903 suum
698 4849 722 4904 ei
734 4848 855 4916 contulit,
870 4849 941 4904 eoni-
991 4852 1091 4923 scripta
1107 4855 1133 4911 in
1149 4860 1270 4914 carmine
1281 4858 1313 4913 tle
1340 4859 1399 4917 Vite
1411 4879 1469 4919 suo.
1485 4863 1555 4934 Quid
1583 4865 1667 4939 igitur
1690 4873 1796 4943 negotii

139 4949 200 5005 siem
224 4947 283 5012 oiri,
307 4944 456 5013 uultumque
478 4941 621 4997 sacerdotio
644 4942 761 5017 diqoum,
791 4954 815 4998 et
836 4960 940 4999 morum
992 4943 1295 5022 Constantinopoliumo
1311 4953 1430 5023 praesuli,
1456 4969 1518 5012 cum
1541 4956 1628 5029 Syriae
1648 4969 1676 5014 et
1695 4960 1796 5020 (irien-

138 5040 290 5098 sttooitotem
305 5034 481 5092 considerans.
496 5031 589 5104 ltaque
602 5032 851 5105 tamquomoltert'us
863 5051 941 5108 neqo-
992 5039 1055 5095 talis
1069 5040 1195 5099 dioecesis
1213 5045 1358 5116 episcopis.
1385 5056 1415 5105 ut
1434 5050 1495 5120 ejus
1519 5059 1547 5107 et
1571 5060 1734 5110 ceterorum
1758 5056 1795 5115 ab

141 5135 171 5191 tii
197 5149 277 5189 coum
295 5144 355 5184 eum
378 5127 413 5181 od
440 5127 590 5198 episcopum
610 5125 798 5180 Antiochenam
819 5126 936 5196 deducit,
992 5135 1160 5192 ΑιιιῑιιιΙιιιιι
1182 5137 1248 5194 sede
1271 5137 1345 5195 nulla
1368 5142 1473 5200 ratione
1497 5144 1670 5214 pendentium
1701 5149 1795 5207 studia

139 5228 277 5298 multisque
293 5222 412 5280 leudibus
423 5228 574 5290 prosecutus
592 5218 675 5272 orauit
693 5218 851 5290 episcopum,
866 5229 893 5275 ut
905 5221 940 5277 il-
991 5223 1098 5282 leruore
1112 5236 1186 5284 tanto
1200 5231 1429 5301 exquirerentur?
1456 5235 1499 5291 An
1525 5236 1624 5295 deinde
1646 5239 1792 5310 credibile,

139 5312 532 5389 tumsoffropioeuoodjuroret.
548 5308 693 5368 Flauianus
704 5309 857 5381 tuaqoojam
868 5325 939 5384 prae-
991 5332 1047 5375 rem
1059 5330 1205 5390 quassante
1219 5323 1370 5382 animorum
1385 5329 1562 5388 conterminae
1581 5331 1725 5404 agebatur,
1751 5345 1794 5393 st-

176 5471 215 5614 lu)
233 5471 268 5528 ll.
281 5471 314 5527 Ε.
329 5469 377 5526 lib.
392 5484 447 5534 su,
462 5482 521 5536 cap.
538 5465 583 5525 ll.
1025 5472 1063 5614 §el
1085 5475 1122 5533 lle
1138 5476 1260 5535 Florian.
1274 5488 1326 5536 art.
1341 5481 1377 5550 3,
1392 5490 1460 5538 tom.
1475 5483 1510 5540 X.

173 5542 213 5761 ἐξ
232 5542 309 5606 brutuel
322 5538 416 5596 Consu.
431 5555 474 5609 ep.
489 5538 541 5604 ί15,
557 5552 585 5592 n.
601 5536 628 5594 6.
1040 5550 1054 5617 f
1080 5547 1117 5604 lle
1131 5549 1226 5615 utone,
1244 5549 1292 5608 lib.
1307 5567 1365 5620 surr,
1379 5569 1441 5624 cap.
1454 5555 1482 5624 5,
1499 5572 1527 5615 n.
1540 5555 1568 5615 9.

231 5608 316 5680 1⁴2!le
332 5611 465 5693 scone.
479 5608 575 5665 venel·
589 5609 655 5665 edil·
1026 5547 1066 5692 (el
1082 5619 1202 5690 Socero,
1217 5620 1264 5678 lib.
1277 5638 1304 5693 v,
1318 5638 1380 5696 cap.
1396 5625 1426 5683 8.

225 5682 348 5750 Sozam,
362 5680 410 5739 lab.
423 5695 477 5747 ιιι,
491 5693 551 5751 cap.
567 5678 595 5736 8.
879 5731 882 5736 .
