3900 6134
164 258 199 324 it
735 287 737 291 ι
771 258 930 320 satem
945 259 1047 320 mi}
1067 260 1160 319 111111
1176 262 1209 319 11.
1513 258 1516 267 '
1772 268 1811 326 11

162 381 294 454 pugilum
306 381 376 436 amit
388 381 579 453 mitterer.
598 380 641 451 ιι).
665 373 700 436 dt
712 379 737 436 si
749 381 897 438 taedam
910 381 1001 445 bit-A
1050 381 1096 438 ii.
1114 381 1146 438 si
1159 378 1220 452 uuir
1233 382 1426 455 episeopomm
1440 384 1523 442 luerit
1544 383 1697 441 sciscebat
1708 397 1811 456 caspu-

163 486 245 529 mane
264 473 452 543 multiplieiter
470 472 650 543 explorantur
670 471 799 530 borsines
819 473 899 542 lege,
930 482 960 530 et
1011 475 1105 542 lutus,
1122 483 1169 531 aut
1192 488 1207 531 a
1227 490 1276 532 ena
1293 478 1409 535 ecelesia
1426 479 1453 534 ri
1473 485 1521 534 aut
1541 479 1642 535 tinere
1659 478 1810 550 mulam,

164 565 361 636 requisitiones
381 572 463 635 atque
484 566 625 621 inducie*
641 566 703 637 eius
717 568 864 623 multotum
880 580 960 622 men·
1009 566 1085 639 quod
1097 568 1172 623 unni
1185 565 1341 625 Gbristiaito
1361 571 1465 626 nemini
1482 581 1525 626 est
1539 571 1690 638 inimicum,
1704 579 1814 644 opertet

163 656 234 714 tium
247 656 452 724 euirceduntur,
476 671 512 712 ne
534 657 635 728 iniuste
647 658 830 732 damnentur:
856 664 961 730 quanto
1010 665 1038 713 et
1062 657 1142 714 decet
1159 658 1371 731 ⁸episcupomni
1395 663 1563 733 propositum
1589 676 1700 734 seraper
1723 664 1813 735 prima

124 805 127 809 ,
162 748 410 820 megisepiacopie
425 747 472 819 uui
484 749 669 818 proximiores
681 757 746 806 sunt
757 751 822 819 ileo,
834 758 863 806 et
875 762 962 820 super
1010 747 1101 804 boote
1120 748 1236 818 cedere,
1252 760 1283 808 ut
1301 753 1467 825 omniaque
1490 754 1705 824 siabiutatuat,
1720 764 1815 827 putes·

162 841 214 898 litis
234 842 395 909 constituti,
424 841 562 914 positique
580 836 609 898 itt
625 843 733 900 eoeiesti
753 843 869 910 militia,
897 856 961 914 uuae
1010 841 1058 896 tati
1068 843 1127 913 ejus
1139 843 1266 915 legaiiter
1279 845 1437 914 reddantur,
1448 855 1476 903 et
1488 847 1588 920 messi
1600 848 1674 919 prise
1685 849 1814 906 restitus·

160 935 312 1006 impensius
338 935 514 1006 ponderanda
537 944 595 1004 est,
622 943 744 1007 tempora
768 943 834 993 sunt
854 948 958 993 concc-
1010 939 1108 1001 tumet
1128 945 1222 1006 posim
1245 951 1299 992 uon
1321 937 1425 1006 statim,
1440 938 1488 995 sed
1507 939 1554 994 diu
1578 947 1608 996 ct
1625 953 1677 1011 per
1691 941 1813 1010 ψύαι

161 1030 250 1089 mem
266 1031 353 1087 multu
364 1030 514 1102 ampliora,
538 1045 574 1087 ne
592 1030 783 1104 aquibutdam
800 1041 958 1105 gratentur,
1011 1034 1136 1098 ternpora
1151 1029 1208 1086 suls
1232 1032 1394 1103 potestative
1407 1032 1562 1103 dispositis,
1575 1041 1604 1089 et
1615 1033 1649 1089 td
1665 1048 1743 1090 mais
1760 1049 1831 1093 ue·¹

161 1122 371 1194 opprimamur,
393 1124 435 1179 rel
462 1122 554 1180 subito
577 1123 766 1181 damnemurl
794 1123 959 1196 Incipiamus
1009 1112 1164 1176 musanen
1179 1125 1348 1193 preparatis.
1363 1124 1399 1179 11
1414 1132 1523 1196 1111111111
1533 1126 1624 1182 'eniti
1635 1126 1669 1182 111
1682 1140 1811 1183 1111111111

161 1229 227 1285 ergo
239 1213 346 1287 (ioum.
361 1229 404 1284 ep.
417 1214 461 1285 i),
480 1214 626 1286 adjuvaute
639 1214 716 1282 Deo,
729 1223 758 1274 et
770 1225 865 1273 saucio
876 1216 958 1273 Petro
1009 1218 1038 1267 ei
1059 1212 1082 1267 11
1101 1212 1175 1283 iliis
1192 1215 1281 1271 11111111
1302 1208 1625 1284 111ἤῑι11111111111111
1646 1219 1812 1292 1191111111

160 1309 304 1379 apostolo,
330 1324 379 1379 per
398 1323 479 1381 quem
503 1310 674 1381 apostulatus
694 1309 913 1382 coepiscopatus
930 1310 958 1366 in
1009 1302 1068 1359 11111
1078 1302 1100 1357 ⁸·

159 1399 269 1457 Christo
293 1401 378 1472 cepit
403 1401 567 1470 exordium,
601 1402 732 1473 quoniam
767 1402 859 1473 plures
884 1417 959 1473 saepe
1045 1394 1078 1451 V·
1094 1395 1165 1453 1111111
1175 1396 1269 1455 11111111
1281 1401 1327 1474 (ex
1337 1401 1450 1474 Aniene)
1464 1410 1547 1475 amne
1556 1405 1812 1479 molestemu-

160 1503 332 1550 emerserunt
350 1508 461 1561 caum,
487 1508 548 1565 qum
569 1493 598 1550 iti
617 1490 781 1563 quibusdam
802 1507 857 1549 non
879 1501 959 1550 erant
1008 1498 1125 1558 simque
1138 1488 1217 1545 liceat
1231 1493 1343 1562 negotio
1357 1493 1489 1551 adversus
1503 1496 1660 1568 religiosum
1674 1498 1809 1555 ebriatis-

159 1600 270 1652 causas,
289 1585 337 1641 sed
356 1585 491 1641 crimina:
510 1586 573 1656 quia
599 1586 686 1655 magis
707 1594 737 1639 ut
754 1585 956 1657 comperimus,
1009 1581 1220 1651 ntm‚uuamtis
1232 1582 1346 1641 bumiiis
1356 1587 1520 1659 tertiisque
1532 1602 1648 1660 pereum
1663 1590 1717 1655 sit.
1732 1591 1809 1647 testi·

160 1674 313 1747 iniquitate,
335 1674 700 1748 quamciraritatetratribus
721 1684 784 1731 sunt
805 1677 956 1747 impositam
1008 1672 1242 1741 similitudieem,
1259 1689 1310 1732 nec
1324 1675 1361 1733 ds
1377 1678 1554 1748 malibetre,
1568 1679 1809 1748 autumantiu-

161 1774 190 1826 et
202 1776 232 1825 ut
245 1769 392 1826 decaetero
407 1766 561 1825 sollicitudo
573 1771 610 1825 sit
622 1785 657 1825 ne
669 1768 732 1824 talia
745 1768 889 1835 eveniant,
909 1781 957 1824 ca·
971 1775 997 1837 Β
1010 1763 1159 1834 scriptione
1172 1763 1355 1823 Christianum
1367 1768 1511 1840 impetere.

161 1859 246 1930 pituli
260 1858 384 1931 quadam
414 1875 429 1915 a
443 1859 545 1916 sanctis
573 1860 695 1931 putribus
722 1866 777 1914 tarn
795 1860 822 1914 in
847 1859 957 1916 iiiccna
1044 1853 1090 1911 ii.
1102 1856 1130 1912 si
1144 1856 1204 1927 guis
1215 1858 1361 1928 ammonita
1372 1860 1492 1930 legitime
1505 1872 1660 1928 aecusatus,
1674 1871 1702 1920 et
1714 1877 1811 1934 supra·

161 1952 287 2028 synodo,
309 1968 390 2026 quiam
404 1954 472 2011 etin
488 1956 538 2010 bac
553 1953 619 2010 redu
631 1954 790 2019 constituta,
805 1966 956 2025 ponamus,
1008 1945 1084 2003 dicio
1097 1949 1194 2005 ordine
1210 1948 1243 2006 ad
1256 1950 1406 2007 ancilium
1423 1952 1555 2008 canonice
1566 1959 1734 2009 convocatus
1751 1954 1810 2010 tue·

161 2045 260 2120 quibm
282 2043 383 2104 intres
403 2056 432 2102 et
453 2047 611 2118 coepiscopi
632 2045 721 2101 nostri
744 2042 820 2114 tuiti,
845 2044 958 2102 iusidias
1008 2038 1253 2108 111ι1111111011111
1274 2041 1457 2112 trepidatione
1478 2043 1518 2100 ite
1537 2043 1665 2112 11111111,
1677 2052 1707 2100 st
1723 2045 1747 2100 ti
1768 2044 1810 2103 irs

164 2140 348 2205 inimicorum,
363 2138 511 2195 auxiliante
524 2139 649 2202 Domino,
664 2137 774 2194 valeant
790 2137 916 2207 evadere,
930 2146 959 2195 ct
1009 2145 1064 2187 111111
1082 2133 1203 2204 timuerit
1214 2133 1314 2206 (itm.
1325 2151 1351 2191 ⁶·
1363 2135 1405 2209 ὅ),
1420 2151 1471 2208 1110
1492 2151 1524 2193 111
1539 2136 1659 2208 'istium
1674 2137 1710 2195 ad
1724 2152 1810 2211 ¹5⁰⁰·

162 2233 244 2301 prout
263 2229 393 2284 Dominus
415 2243 496 2300 posse
519 2228 646 2296 dederit,
674 2227 848 2299 paucioribus
867 2227 958 2286 uerbis
1009 2221 1073 2278 111111
1089 2224 1189 2279 mittat.

159 2327 297 2376 autorum
321 2318 455 2375 nialorum
484 2318 622 2374 imitemur
644 2317 836 2388 compendium
871 2316 959 2389 (idem
1048 2314 1201 2373 llliiullae
1213 2319 1810 2390 cauaaajuuicibusecclestasttctsaudien·

121 2398 127 2409 “
160 2424 230 2483 papa
241 2425 282 2481 ep.
297 2409 335 2482 7),
347 2419 374 2467 et
385 2409 517 2478 strictim,
537 2422 598 2481 que
609 2409 637 2464 in
650 2408 789 2465 uolumine
806 2408 957 2465 litterarum
1010 2417 1055 2465 tur
1067 2409 1167 2480 (iton,
1186 2427 1210 2466 e.
1228 2410 1284 2482 ti),
1296 2427 1358 2483 quae
1370 2412 1476 2484 legibus
1488 2428 1542 2469 uun
1559 2413 1753 2484 conducetur,
1765 2413 1811 2472 tei

161 2495 315 2560 testra'rum
327 2502 520 2574 comperimus,
528 2511 717 2568 retractemus,
723 2507 752 2557 et
761 2501 813 2556 ulia
827 2499 957 2557 nonnulis
1009 2514 1070 2572 guas
1084 2501 1230 2572 prohibitor
1243 2516 1305 2560 esse
1320 2515 1481 2560 uusmtutur.

159 2593 288 2655 instantia
300 2599 432 2668 temporis
440 2597 601 2665 noscemus,
615 2604 694 2668 prout
705 2596 956 2668 petitis‚ponamus.
1045 2592 1115 2652 iiii.
1141 2597 1170 2652 Si
1192 2600 1255 2668 ouis
1267 2598 1349 2654 aliter
1360 2614 1415 2654 nun
1428 2599 1616 2670 acquieverit,
1630 2599 1683 2656 nisi
1698 2610 1729 2657 ut
1749 2602 1809 2673 epi·

194 2685 216 2744 t.
252 2687 301 2745 Est
331 2701 449 2760 namque
482 2686 621 2761 synodicis
654 2686 793 2745 demetam
828 2688 958 2745 institutis
1009 2700 1122 2760 scopum
1138 2698 1267 2758 accuset,
1281 2703 1364 2761 supra
1386 2699 1478 2746 taxato
1493 2693 1545 2747 liuc
1560 2702 1656 2751 tenure
1669 2690 1810 2764 ageretis·
1931 2703 1934 2710 '

136 2764 138 2771 ’
159 2781 260 2860 (Carti.
274 2798 314 2850 itt,
326 2798 349 2838 c.
364 2781 392 2848 9,
408 2778 497 2838 illies.
512 2781 557 2847 iti,
570 2783 664 2855 Agotb.
677 2780 753 2847 dna..
765 2781 864 2856 eiciut
876 2795 959 2839 nemu
1009 2780 1094 2848 bebit,
1110 2784 1171 2853 quia
1185 2783 1264 2840 aliter
1277 2795 1334 2840 rata
1343 2800 1397 2841 non
1411 2795 1503 2857 potest
1515 2789 1651 2844 accusatio
1665 2789 1805 2844 eudone.

159 2877 316 2948 episcopum
345 2888 428 2946 penes
455 2875 601 2932 saecttiares
626 2874 744 2931 arbitros
767 2884 892 2944 accuset,
909 2874 958 2933 sed
1010 2875 1088 2932 Tunc
1103 2877 1193 2947 primu
1208 2879 1327 2934 accusati
1341 2893 1453 2934 causam
1468 2891 1611 2937 accusator
1625 2881 1696 2952 apud
1709 2882 1809 2952 prima·

159 2966 231 3037 apud
245 2980 366 3022 summos
382 2965 521 3037 primates.
1009 2974 1051 3024 tes
1074 2969 1204 3026 canonice
1225 2970 1328 3027 delerat
1339 2969 1440 3043 iderti.
1456 2987 1497 3040 ιιι,
1510 2972 1549 3046 7).
1571 2971 1627 3030 b'ec
1645 2989 1660 3028 a
1681 2987 1808 3031 mmmu·

195 3055 228 3114 it.
249 3056 279 3116 Si
293 3058 353 3131 quis
366 3056 501 3116 aduersus
513 3057 670 3129 episcopum
690 3070 802 3114 cansam
815 3057 954 3128 babuerit,
1009 3063 1090 3118 niune
1104 3061 1279 3131 prohibeatur
1292 3074 1449 3131 accusatus,
1465 3064 1517 3120 nisi
1530 3065 1563 3120 ad
1578 3065 1810 3139 electorumjudi·

160 3163 214 3208 non
233 3153 307 3221 prius
322 3149 427 3222 aliquos
441 3148 584 3222 episcopos
598 3149 735 3218 adeat,ui
749 3159 954 3217 commosset,
969 3146 993 3218 C
1007 3155 1079 3210 ciunt
1100 3157 1232 3213 canonice
1252 3166 1435 3222 convocatus,
1456 3155 1528 3214 inin
1551 3168 1608 3215 tres
1624 3169 1672 3216 aui
1693 3173 1742 3216 sex
1765 3160 1809 3216 tel

158 3258 240 3317 quain
255 3244 545 3302 iamilinritereisuam
557 3244 659 3301 indicet
671 3243 868 3314 quereiam,et
880 3243 914 3298 ab
923 3259 957 3300 eo
990 3243 1102 3319 ⁸plures
1124 3260 1232 3301 menses
1252 3261 1302 3316 pru
1321 3246 1379 3302 attis
1397 3248 1529 3304 rationem
1544 3248 1700 3307 redditurus
1716 3252 1811 3308 vertice

132 3397 140 3414 .
158 3346 204 3393 aut
211 3336 312 3408 iustam
326 3335 556 3403 emendationem,
566 3342 614 3392 aut
624 3335 812 3393 rationabilem
824 3338 958 3408 percipiat
1009 3334 1157 3392 distulerit.
1168 3338 1246 3407 Quod
1260 3339 1282 3394 ti
1297 3340 1414 3410 probaro
1428 3341 1554 3408 putruerit,
1565 3340 1700 3408 quudnnn
1713 3341 1808 3396 nolus·

158 3429 378 3498 excusationem,
394 3429 453 3501 ipsa
469 3444 520 3486 nus
532 3431 683 3485 instruente
697 3429 815 3486 veritate
828 3446 836 3482 e
850 3427 882 3486 Si
895 3446 957 3501 pec·
1010 3427 1062 3492 rit,
1077 3427 1125 3482 sed
1152 3443 1205 3482 non
1226 3429 1343 3496 potuerit
1357 3428 1468 3492 uenire,
1485 3425 1550 3481 inibit
1572 3427 1598 3483 ei
1621 3429 1741 3483 nocebit·
1758 3429 1808 3487 illo

103 3547 105 3552 ·
160 3522 255 3577 counit
268 3519 296 3575 in
309 3529 333 3576 tc
346 3518 427 3592 frater
439 3529 513 3587 tusa,
528 3521 609 3587 rade,
622 3527 648 3577 ct
667 3521 841 3590 corriperem
856 3520 924 3575 inter
934 3530 958 3576 te
1009 3531 1086 3584 vern,
1100 3519 1146 3588 qui
1159 3517 1186 3572 vi
1196 3526 1242 3573 aut
1257 3520 1383 3573 timores
1398 3517 1465 3574 sede
1475 3517 1587 3587 pulsus,
1597 3526 1646 3575 aut
1657 3520 1714 3575 suis
1726 3521 1808 3576 rubus

160 3622 185 3670 et
198 3611 283 3684 iprum
294 3611 378 3667 coium
392 3609 499 3685 (idatii.
513 3610 604 3683 xviiii.
620 3611 652 3669 Si
664 3620 689 3668 ic
699 3612 828 3682 audiuit,
842 3612 958 3669 tocrmtu
1009 3610 1175 3682 exspoliatus
1192 3609 1280 3676 tuerit,
1297 3625 1351 3664 nun
1374 3609 1448 3680 prius
1460 3620 1571 3666 vincetur
1593 3611 1627 3666 ad
1649 3613 1782 3684 synodum
1798 3655 1806 3680 ,

158 3714 187 3761 et
203 3706 310 3776 dolrem
324 3706 408 3758 titum.
432 3699 462 3759 Si
482 3712 507 3758 ie
522 3718 576 3758 nun
590 3703 720 3770 audierit,
734 3704 829 3756 adicite
841 3703 907 3757 daca
919 3703 959 3758 oet
1009 3719 1089 3773 quam
1112 3704 1136 3759 ei
1152 3701 1242 3775 omnia
1263 3703 1367 3774 iegibus
1387 3702 1614 3773 redintegrantur.
1642 3704 1676 3760 Et
1703 3705 1808 3764 tamdiu

159 3802 211 3851 tm
229 3800 329 3850 tecum:
344 3798 369 3850 et
383 3792 405 3849 rt
419 3808 470 3848 non
483 3793 666 3858 menadinii,
682 3792 724 3847 dic
747 3791 869 3849 Ecetrae
879 3791 956 3864 (bec.
1009 3796 1113 3852 insede
1127 3795 1235 3866 propria
1250 3795 1361 3867 pacifice
1379 3804 1407 3852 et
1431 3797 1592 3867 potestative
1603 3808 1700 3853 cuncta
1715 3798 1808 3869 dispu-

160 3890 242 3958 xrit),
258 3886 285 3943 id
298 3897 340 3942 est
352 3927 359 3953 ,
373 3900 470 3943 accusa
485 3901 547 3943 eum
563 3886 699 3958 publice,
713 3897 741 3944 et
754 3903 808 3945 nun
821 3888 913 3960 prius,
930 3900 959 3949 et
1010 3900 1078 3946 nens
1104 3888 1222 3944 resident
1235 3887 1326 3959 (iloni.
1348 3904 1383 3957 r,
1405 3888 1454 3944 aab
1473 3887 1653 3963 Symmacho),
1677 3892 1807 3962 quamdiu

158 3976 274 4051 reliqua.
1009 3979 1140 4051 expulsus
1153 3979 1198 4035 sci
1212 3980 1379 4051 exspoliatus
1399 3993 1494 4037 carere
1508 3985 1583 4036 titus
1600 3990 1644 4038 est
1666 3983 1746 4038 rebus
1759 3983 1804 4054 id,

196 4066 242 4124 iti.
256 4066 285 4126 si
299 4068 360 4141 quis
373 4070 532 4142 episcopum
548 4077 610 4141 pust
622 4068 679 4127 bec
692 4068 806 4144 elegerit
817 4086 957 4143 accusare,
1010 4089 1053 4145 ga.
1064 4073 1098 4141 Ως
1110 4083 1133 4129 et
1152 4074 1179 4129 in
1191 4074 1287 4129 decret.
1301 4071 1371 4140 duo..
1387 4073 1431 4128 itt.
1444 4089 1525 4143 xciii,
1541 4090 1567 4142 q.
1579 4074 1620 4145 3).
1631 4074 1700 4130 curn
1715 4086 1806 4130 autem

160 4162 274 4217 summis
290 4160 451 4234 primatibus
469 4162 658 4233 episcoporum
678 4173 755 4219 suam
775 4165 876 4222 indicet
895 4181 960 4223 cau·
1010 4165 1044 4222 ad
1063 4164 1193 4237 judicium
1210 4166 1334 4234 venerit,
1349 4165 1371 4222 si
1393 4166 1508 4222 coluerit
1529 4175 1556 4222 et
1579 4181 1692 4223 neccsse
1706 4168 1805 4236 luerit,

161 4266 232 4321 sitm
246 4262 274 4310 et
287 4268 342 4309 non
357 4252 533 4310 saecularibus
543 4295 552 4321 ,
562 4254 608 4325 qui
621 4256 706 4327 magis
720 4257 754 4312 ad
770 4270 863 4326 pacem
878 4273 959 4329 quiam
1010 4258 1126 4314 inducias
1138 4258 1164 4313 ei
1181 4257 1310 4328 petentia
1326 4257 1448 4329 putribus
1460 4257 1625 4325 constituite,
1638 4257 1741 4327 absque
1756 4260 1807 4313 im·

162 4340 197 4403 td
209 4344 340 4418 judicium
350 4359 398 4402 cos
414 4356 540 4402 revocent
554 4345 654 4418 (Curti.
662 4362 698 4416 ir,
707 4365 730 4404 c.
739 4347 960 4420 enimtoleum
1011 4349 1167 4418 pedimeniu
1189 4346 1385 4416 concedantur,
1401 4354 1428 4402 et
1448 4346 1553 4418 iudices
1574 4361 1590 4401 a
1612 4362 1642 4402 su
1664 4347 1744 4403 electi
1760 4351 1807 4403 tri·

161 4436 190 4494 itt
205 4437 333 4494 omuibus
345 4444 372 4494 et
395 4436 430 4494 ab
442 4438 569 4494 omnibus
583 4439 759 4496 custodiatur.
776 4439 804 4498 Si
830 4444 960 4514 primates
1009 4440 1138 4507 bumttur,
1154 4448 1184 4494 ut
1197 4438 1223 4494 in
1245 4441 1305 4495 luco
1319 4438 1391 4495 uude
1404 4448 1448 4494 est
1466 4439 1513 4494 ilie
1524 4439 1569 4508 qui
1583 4446 1745 4505 accusatur,
1759 4447 1808 4495 aut

162 4526 203 4604 (t,
216 4549 261 4601 ou.
271 4529 482 4601 2)accusaturcs
492 4531 683 4604 episcoporum
693 4547 753 4589 cum
764 4534 805 4590 eis
815 4536 959 4605 pacidcare
970 4535 997 4598 n
1010 4533 1033 4589 sl
1055 4531 1120 4588 alibi
1135 4530 1249 4602 aiicujus
1264 4530 1418 4586 temerarie
1437 4530 1617 4584 multitudinis
1635 4531 1688 4583 vim
1704 4541 1808 4586 metue·

163 4618 332 4678 familiariter
349 4620 462 4678 minime
476 4624 629 4694 potuerint,
639 4633 693 4679 tum
705 4632 827 4695 tempure
839 4627 959 4698 legitimo
1009 4627 1056 4696 rit,
1071 4625 1160 4682 lucum
1174 4608 1228 4680 sibi'
1245 4637 1395 4695 congruum
1409 4622 1509 4693 eligat,
1523 4637 1578 4692 quo
1592 4622 1694 4693 absque
1708 4624 1808 4681 iiruorc

80 4701 82 4705 ’
163 4726 211 4770 eoa
221 4714 255 4770 ad
270 4713 403 4785 synodum
417 4715 547 4771 canonice
557 4725 748 4783 convocatam,
761 4730 814 4773 nun
825 4717 892 4775 inira
907 4735 959 4775 nu·
1010 4733 1084 4784 suus,
1100 4719 1123 4772 si
1139 4717 1288 4772 necessitas
1301 4717 1456 4784 exposcerit
1469 4754 1476 4780 ,
1491 4719 1574 4768 tester
1587 4712 1686 4768 babere
1705 4712 1804 4785 (Cone.

160 4816 239 4881 gusta
260 4814 399 4878 tempora,
416 4809 547 4863 canonice
569 4819 738 4876 convocent,
757 4816 784 4867 et
807 4826 861 4868 uun
885 4815 959 4884 prius
1010 4812 1093 4885 dicte.
1108 4825 1134 4866 c.
1148 4809 1207 4878 biii,
1222 4816 1250 4865 ei
1264 4809 1365 4879 aisque
1379 4805 1573 4877 impedimento
1585 4820 1661 4861 suam
1676 4808 1806 4864 canorntce

162 4910 244 4973 quam
258 4897 298 4955 eis
315 4912 364 4968 per
379 4899 480 4968 scripta
495 4899 646 4971 significent
661 4899 725 4973 quid
739 4903 779 4960 ela
792 4907 958 4978 opponitur,
1010 4905 1172 4962 sortiendam
1191 4901 1270 4958 finire
1284 4902 1387 4965 valeat,
1402 4899 1465 4972 quia
1483 4898 1567 4954 muita
1588 4914 1637 4970 per
1653 4899 1806 4970 submptio·

162 4989 237 5048 ulad
251 4991 456 5061 responsionem
471 4993 616 5062 preparati
630 4992 863 5052 adventantium
878 4998 960 5056 sisui
1011 5008 1074 5053 uem
1087 4989 1197 5053 mentire
1209 4992 1308 5051 soient.

162 5084 188 5142 ri
203 5080 322 5158 (concii.
344 5083 457 5138 Rumon.
473 5096 506 5152 t,
520 5083 566 5138 rub
592 5083 773 5158 Symmacho),
793 5094 841 5144 sut
861 5088 960 5147 timore
1046 5088 1093 5146 ix.
1114 5088 1149 5146 Ut
1168 5085 1346 5153 testificandi,
1360 5086 1406 5142 rel
1425 5084 1569 5142 accusandi
1593 5084 1703 5142 liuentia
1721 5083 1805 5141 dene-

161 5172 252 5249 eiectl,
263 5175 376 5234 autsuis
390 5172 470 5232 rebus
484 5175 626 5249 exspoliati
641 5177 751 5248 tuerint,
766 5194 816 5235 nec
829 5183 960 5240 canonice
1010 5190 1088 5255 getur
1099 5179 1143 5236 bis
1156 5180 1203 5250 qut
1220 5177 1381 5235 christiane
1393 5177 1532 5248 religionis
1546 5184 1575 5235 et
1586 5175 1703 5232 nomionis
1717 5175 1805 5248 digni·

162 5269 269 5327 euocari
282 5264 316 5325 nd
329 5264 461 5343 synodum
479 5275 610 5339 possunt,
625 5283 675 5326 nec
688 5269 857 5342 respondere
871 5286 957 5329 armu-
1006 5276 1104 5338 tatem,
1117 5279 1146 5327 et
1161 5284 1218 5327 suae
1240 5268 1363 5341 legisset
1382 5270 1424 5326 sui
1447 5268 1580 5341 propositi
1597 5282 1739 5336 normam,
1757 5278 1805 5328 aut

162 5355 198 5418 lis
211 5354 322 5428 debent,
341 5366 485 5433 antequam
506 5360 638 5418 canonice
652 5358 846 5432 restituantur,
861 5372 890 5420 et
910 5378 958 5422 sua
1008 5363 1169 5438 regulariter
1193 5358 1338 5433 prohibita,
1366 5361 1539 5435 neglexerint
1556 5360 1686 5434 (imma
1700 5361 1727 5416 la
1746 5360 1801 5418 ci

162 5453 203 5510 eis
216 5454 306 5509 omnia
320 5453 443 5526 legaliter
458 5454 617 5512 reddantur.
1009 5459 1050 5514 tii.
1064 5458 1093 5525 7,
1106 5456 1124 5511 l.
1141 5453 1401 5528 sorduerint).

199 5565 284 5623 ‘itin
1008 5572 1107 5629 it'citttm
1130 5587 1203 5639 esse,·
1221 5571 1260 5627 uel
1282 5574 1399 5629 mtoetut's
1417 5571 1577 5647 proposituri
1596 5584 1696 5645 uitiprt
1720 5571 1804 5643 nmmo

199 5634 305 5692 'Tunc
1009 5643 1235 5716 trmteouudm.

199 5706 211 5740 ⁸
224 5706 419 5780 Episcopuraut
429 5712 597 5785 propudium
611 5715 713 5792 temper
723 5715 808 5793 prima
817 5719 902 5794 fronte
908 5715 962 5778 tot·
1023 5758 1031 5794 ,
1067 5713 1078 5747 ⁸
1093 5712 1126 5773 Et
1138 5712 1209 5775 idem
1221 5713 1336 5775 labetur
1349 5712 1377 5774 in
1391 5711 1588 5784 decreiiaiultt,
1598 5726 1624 5770 c.
1638 5710 1684 5773 iili.
