3900 6134
196 210 251 269 oti
658 210 730 271 utili
749 211 976 274 ltstshuttmh
993 208 1159 283 edituus.
1180 210 1378 273 PhAEFh'iiO.
1794 216 1849 276 ott

196 324 319 399 ejusdem
335 324 531 397 propemodum
546 325 653 396 iurata,
667 338 695 384 et
719 328 798 386 annis
814 330 871 387 lere
885 341 994 388 continu
1009 330 1036 392 Δ
1049 329 1326 401 mittentiadipitarum
1336 342 1508 383 marnrorcum
1519 328 1637 401 lapileod
1647 328 1849 388 missatetoeres

197 420 272 488 prius
292 417 431 487 uulgatum
447 434 462 472 a
477 417 501 473 F
502 418 559 473 strio
582 418 708 491 Bioapsio
724 419 881 490 Philooalo,
897 433 926 479 ct
943 421 995 477 i'a·
1048 425 1204 495 campanula
1222 423 1257 477 at
1278 424 1445 477 elevationem
1459 422 1571 488 hostia,
1586 438 1644 493 pam
1658 422 1714 492 ipsc
1728 424 1849 479 oculatus

196 508 294 563 lentina
307 550 315 575 ,
329 510 424 565 nescia
437 510 480 564 cul
494 551 503 576 ,
518 510 689 583 iuer-raptura.
716 509 784 567 illud
799 528 815 567 e
829 529 880 569 ms.
902 512 996 569 itidem
1048 519 1101 573 ridi
1113 529 1242 573 scrutator
1254 516 1441 573 uastissimas.
1454 514 1517 571 lhcc
1530 514 1664 583 tuntum,
1676 515 1849 587 guiniterium

196 610 306 667 nostra,
331 601 381 657 sed
400 601 593 659 delicientihus
617 612 734 675 quatuor
757 606 908 675 mensibus,
931 608 996 663 olim
1048 625 1099 665 aas
1114 623 1234 667 moratus
1248 608 1359 665 lticcst.

196 694 282 751 edida
295 694 421 766 AEgidius
435 696 586 754 Bucherius
601 698 628 753 iu
643 700 841 755 commentario
855 701 890 755 tle
904 700 997 757 Victo·
1085 702 1102 759 ii
1106 743 1162 758 .....
1182 703 1316 775 appellata
1328 712 1383 768 est,
1399 718 1451 756 aaa
1465 702 1497 755 ai
1512 701 1566 756 aiio
1582 700 1723 756 Voletttino
1736 700 1781 772 qui
1791 701 1854 759 iasio

196 786 229 843 rii
254 788 383 856 hauimni
413 802 518 843 cratone
543 790 682 858 pinsatum
707 800 779 863 quaid
804 793 997 851 lialeudarium
1049 810 1101 848 noa
1116 802 1201 864 potest
1214 795 1265 847 dici
1283 795 1440 847 claristianus
1455 809 1521 848 esse.
1532 823 1568 835 -
1580 794 1631 850 l=ta
1648 794 1729 865 igitur
1750 794 1781 853 S.
1797 792 1852 851 ia·

197 895 269 935 anim
283 878 385 934 Christi
398 880 501 951 rotgeri
516 896 610 937 ocottv
625 886 811 956 conscriptum
830 886 889 941 luit.
1049 886 1143 942 lentini
1164 888 1274 941 uastitas
1289 887 1322 941 ah
1336 886 1396 957 ipso
1411 897 1506 942 satiato
1521 887 1562 943 sic
1577 886 1750 943 dettaminam
1766 888 1851 945 exsti·

232 971 259 1025 i.
273 972 475 1044 Desuprudioto
488 971 653 1028 Kalctrdario
666 974 999 1047 proelttturliucltetius.-
1050 980 1082 1035 tit
1103 994 1156 1033 nou
1177 995 1193 1033 a
1213 978 1355 1033 Valentino
1376 979 1512 1049 quotidem
1535 978 1596 1048 cius
1619 981 1780 1049 cottdtlote,
1805 978 1854 1053 qui

196 1065 237 1121 hd
260 1064 454 1121 lisleudarimu
477 1065 542 1121 illud
565 1066 605 1121 sie
626 1067 758 1137 parciatur
774 1067 926 1125 Bucherius
942 1085 950 1124 r
967 1069 1000 1124 Si
1051 1074 1140 1129 nullus
1156 1072 1200 1127 hie
1214 1069 1273 1126 init.
1300 1070 1394 1139 Neque
1413 1071 1437 1126 is
1458 1070 1507 1125 illo
1531 1087 1564 1128 ex
1585 1070 1675 1141 capitu
1694 1072 1748 1126 dici
1763 1080 1853 1143 polest

196 1163 265 1233 arrad
278 1160 417 1216 deltarum
435 1163 617 1233 opusculorum
632 1164 704 1236 (rrum
715 1178 751 1220 ox
766 1164 863 1220 cardam
879 1182 931 1221 ms.
949 1181 1000 1222 no·
1049 1164 1216 1220 oltristianus
1232 1161 1326 1219 luisse.
1341 1162 1445 1234 Siquid
1457 1163 1550 1218 indicii
1563 1162 1683 1218 huminis
1696 1162 1850 1232 oltristisai,

196 1261 254 1309 stra
264 1254 320 1324 jam
337 1255 515 1324 impresserat
529 1270 579 1309 suu
594 1254 621 1309 in
638 1258 851 1326 cortrmemarin)
865 1268 940 1313 atate
950 1258 1000 1312 dra·
1050 1266 1098 1311 aut
1114 1256 1140 1310 in
1154 1256 1307 1327 scriptore,
1322 1264 1370 1309 aut
1384 1255 1410 1309 in
1427 1255 1474 1310 illu
1489 1256 1532 1310 eui
1557 1255 1718 1327 inscriptum
1734 1270 1854 1327 opuscu-

197 1346 267 1400 iitun
289 1355 449 1413 superesset,
471 1348 519 1401 hoc
533 1348 610 1401 unico
635 1345 797 1403 llaleadario
819 1348 878 1402 tulli
902 1361 998 1419 posset.
1051 1346 1107 1401 lum
1128 1356 1189 1413 cst,
1204 1348 1353 1418 attonitum
1366 1348 1425 1402 crui
1450 1347 1477 1402 id
1500 1347 1629 1414 deberet,
1643 1349 1684 1404 vel
1708 1363 1741 1403 ex
1761 1347 1854 1406 tahula

197 1437 352 1509 Praecipuus
366 1441 434 1494 enim
448 1438 612 1495 Corratantiai
626 1438 717 1511 ilapm'
736 1442 835 1510 filiique
854 1440 1000 1497 Constantii
1051 1439 1121 1509 tticta
1144 1454 1205 1508 qum
1229 1439 1393 1509 prmhgitun,
1408 1438 1450 1495 rel
1470 1454 1505 1495 ex
1525 1440 1622 1495 littoris
1640 1440 1854 1499 daritintcstihus

197 1531 228 1585 de
242 1531 359 1602 tyrannis
373 1530 540 1602 iurinrisaue
553 1532 685 1598 uictorias,
696 1533 765 1586 uelut
778 1531 863 1587 adhuc
876 1534 999 1599 calentes,
1050 1542 1155 1603 septem
1175 1547 1234 1601 quta·
1250 1531 1365 1601 singulis
1383 1529 1481 1587 diebus
1494 1547 1570 1589 more
1582 1531 1794 1589 christianorum
1806 1547 1853 1589 or·

197 1623 310 1688 caltihet,
326 1632 349 1677 ct
364 1625 419 1678 suis
441 1623 531 1678 diebus
553 1623 679 1692 assignat.
703 1622 853 1689 Quinctia
868 1623 1000 1679 Castorum
1052 1623 1116 1679 dine
1138 1639 1268 1690 sumunt
1287 1639 1350 1679 cum
1368 1636 1430 1679 octo
1448 1624 1653 1689 truttdiuahhus,
1667 1636 1852 1696 apponuntur.

197 1714 330 1770 natatibus
349 1715 468 1769 eumdem
482 1712 680 1779 Crustumium,
696 1730 761 1781 aon,
776 1726 805 1770 m
817 1716 930 1786 religuos
949 1717 1000 1770 im-
1014 1708 1039 1770 B
1053 1717 1168 1789 Reliqua
1184 1718 1256 1773 caim
1273 1720 1362 1774 amttia
1379 1731 1510 1792 appareat
1527 1722 1640 1792 priniana
1654 1736 1726 1778 csse.

197 1819 330 1878 potatores
348 1820 482 1873 mortuos,
503 1824 600 1876 utrutt;
616 1809 662 1863 scd
682 1821 709 1862 ut
724 1810 810 1863 adhuc
824 1811 998 1883 superstitem,
1089 1812 1104 1865 7
1108 1850 1166 1867 .....
1188 1810 1343 1866 christianus
1363 1830 1417 1869 esse
1438 1828 1448 1867 .·
1473 1812 1565 1868 Posset
1591 1817 1660 1885 sorte
1682 1815 1799 1871 aliutuio.
1816 1842 1855 1859 -·

196 1913 315 1956 saturnus
339 1898 467 1971 appellat.
497 1898 625 1963 opusculi
648 1902 759 1971 pretium
782 1905 926 1957 arcendum
949 1919 1000 1958 aaa
1052 1904 1155 1963 Tabula
1167 1905 1195 1961 in
1210 1904 1380 1975 irttutispicio
1395 1906 1483 1977 posita
1498 1917 1677 1977 repraesentat
1690 1917 1798 1979 partam
1810 1908 1856 1967 cul

198 2008 294 2063 pauca,
311 2003 364 2045 tum
379 1991 414 2045 nd
429 2008 548 2053 sacram,
564 2002 620 2046 tum
632 1992 667 2046 ad
686 1993 789 2047 ciuilem
805 1994 944 2049 historiam
956 1993 1000 2050 hic
1053 2002 1144 2055 uelum
1159 2000 1353 2071 pretenditur,
1368 2001 1394 2056 iu
1407 2015 1494 2071 eoque
1509 2016 1617 2059 summo
1631 2003 1692 2058 luet)
1706 2000 1854 2073 scriptum,

197 2084 312 2155 prodita,
329 2084 390 2138 aliis
404 2085 518 2150 intacta,·
533 2094 561 2137 ut
576 2094 631 2138 tute
643 2084 744 2152 lector,
761 2087 850 2140 rtatim
864 2103 998 2158 agnosces.
1055 2092 1211 2160 i'alemiae,
1226 2094 1323 2163 floreas
1337 2094 1364 2147 in
1378 2090 1445 2149 Deo.
1463 2092 1491 2147 ln
1507 2094 1598 2150 medio
1612 2095 1782 2165 conspicitur
1794 2108 1855 2151 ιιιο·

198 2176 359 2243 llolcrtdttm,
373 2188 487 2247 quatuor
501 2177 643 2245 atensiius,
657 2178 764 2245 Martio,
776 2180 874 2253 Aprili,
892 2180 965 2237 lidio
977 2190 1000 2236 et
1053 2199 1223 2255 diagramma,
1235 2184 1339 2241 circulo
1351 2184 1485 2240 inclusum
1499 2201 1560 2241 cum
1575 2186 1856 2248 histoniensium

197 2268 279 2324 lartio
304 2282 454 2325 truncatum
468 2270 503 2325 ad
518 2288 564 2326 nos
578 2274 760 2343 peruenisse...
791 2274 927 2331 lateratiao
941 2276 1000 2331 cui·
1051 2277 1124 2333 imcr
1138 2293 1168 2334 se
1181 2278 1305 2348 impleris
1318 2294 1324 2329 :
1337 2278 1358 2332 l.
1374 2276 1406 2331 lt.
1421 2277 1454 2332 h.
1469 2277 1501 2332 F.
1517 2278 1551 2332 V.
1566 2278 1599 2333 t.
1616 2278 1648 2333 Ε.
1666 2277 1791 2347 OEtlipus
1803 2291 1856 2333 ex·

198 2364 259 2416 dara
273 2363 435 2429 inscribitur,
447 2365 512 2417 arilti
526 2366 649 2419 ltactenus
658 2366 765 2437 ignoto,
779 2367 831 2420 airi
839 2367 910 2439 guod
919 2370 1001 2438 poulo
1053 2369 1149 2439 plicet,
1164 2384 1219 2424 noa
1235 2384 1296 2441 cgm
1313 2367 1383 2425 inita
1404 2368 1459 2425 duo
1478 2369 1550 2440 gettii
1564 2368 1628 2427 hiuc
1641 2380 1670 2427 ct
1683 2369 1747 2426 indo
1759 2376 1856 2427 teuent

198 2466 260 2511 aare
273 2455 313 2529 (in
327 2457 457 2526 tlstalngu
473 2455 633 2512 Pantilicum
648 2458 846 2529 Buritanorum)
866 2462 1001 2515 basilicam
1054 2462 1680 2535 tahulamnhltmgam,jacrtjusutrimauoansis
1690 2462 1854 2521 haecrerhsr

198 2546 301 2604 aiulio
317 2550 439 2620 pontifice
455 2550 496 2603 uia
507 2546 531 2601 F
533 2550 653 2615 laminis,
669 2551 794 2605 ariiiiurio
810 2552 922 2607 secundo
935 2568 1000 2607 coa·
1053 2552 1151 2610 Furius
1163 2554 1306 2628 Dionysius
1317 2555 1471 2612 Philaenius
1483 2558 1616 2623 titulauit,·
1637 2559 1664 2614 itt
1679 2558 1769 2613 uiola
1790 2570 1858 2617 tero

199 2652 343 2709 stratetam,
367 2642 498 2698 Valentini
515 2643 677 2715 appeliatum
692 2652 788 2698 notem.
807 2643 848 2697 Aa
862 2644 931 2700 idem
949 2645 1000 2712 sit,
1053 2645 1122 2717 ipsa,
1133 2649 1224 2703 ntetlio
1242 2648 1303 2703 luco
1322 2658 1350 2703 et
1368 2647 1525 2719 majusculis
1535 2650 1667 2719 scriptum
1682 2668 1689 2703 :
1705 2649 1854 2720 i'aiamitre,

200 2740 370 2811 copitandum
383 2740 513 2810 relinquo.
528 2737 587 2792 h'on
602 2745 706 2808 partera.
1053 2740 1420 2812 tegeseticitmdeumrsum
1432 2753 1521 2798 atatem
1536 2762 1543 2799 ε
1561 2742 1793 2810 valentissimas,
1805 2746 1857 2817 sto-

234 2833 262 2888 5.
284 2831 403 2886 Ecclesia
425 2830 457 2885 S.
487 2830 620 2886 Valentini
638 2829 671 2884 ai
685 2831 743 2901 ipso
763 2838 853 2885 sattcto
867 2830 1002 2903 appellato
1053 2848 1126 2898 reas‚·
1141 2834 1366 2889 etsinistrorsum
1378 2855 1385 2891 ι
1395 2834 1540 2899 Vulcatius,
1552 2837 1631 2903 uiuus,
1641 2838 1763 2909 gaudeas.
1776 2836 1858 2895 Genii

199 2936 247 2982 cst.
259 2925 373 2993 -liuia
398 2925 461 2981 isiic
483 2926 535 2981 luci
560 2924 603 2979 viu
628 2923 760 2979 Flutttiuia
782 2924 853 2981 ltaud
879 2927 1001 2996 proottla
1053 2924 1098 2995 qui
1112 2934 1220 2994 portant
1232 2926 1297 2981 alati
1307 2936 1382 2993 stitit,
1393 2938 1475 2999 atque
1489 2928 1574 2984 rideri
1589 2938 1714 3000 possum,
1726 2931 1749 2986 si
1770 2928 1858 2989 utera

200 3032 284 3089 ponte
296 3017 387 3073 lliluio
402 3016 525 3073 Ecclesia
540 3015 606 3071 olim
622 3016 715 3080 stetit,
730 3027 848 3071 asoacto
863 3015 1002 3072 Valentino
1054 3028 1162 3089 spectes
1189 3020 1412 3091 pirnttuhoraatia,
1434 3021 1577 3094 gentilium
1601 3037 1662 3081 esse
1689 3024 1810 3094 pictur23
1833 3022 1859 3081 sl

200 3111 336 3182 appellata
353 3149 362 3176 ,
388 3125 442 3165 nou
466 3125 482 3163 a
510 3108 654 3163 Valentino
687 3108 804 3177 agundam
837 3108 1001 3173 canditate:
1016 3092 1040 3158 C
1056 3113 1179 3182 prodenda
1196 3114 1277 3184 peplo
1290 3113 1409 3171 sollicite
1425 3123 1508 3181 tecta,
1524 3116 1635 3187 augelus
1647 3116 1859 3175 dit-erearoetto

201 3220 263 3261 cnm
279 3207 337 3278 ipse
348 3206 437 3262 lulius
452 3219 534 3275 supra
544 3203 652 3259 dicmur
666 3203 739 3258 illam
750 3204 921 3271 condidisse3
932 3204 1003 3274 tpuod
1055 3207 1203 3263 occultatio
1216 3207 1284 3273 huc,
1299 3208 1448 3279 gentilibus
1463 3208 1582 3275 insolita,
1597 3210 1699 3280 aliquid
1713 3210 1857 3268 modestiae

201 3301 283 3355 ctiam
300 3299 417 3355 allirtnat
438 3297 609 3362 hortata-ius,
625 3313 704 3351 uaom
720 3298 805 3369 ipsum
819 3297 953 3352 basilicam
968 3303 1005 3369 sc·
1055 3304 1137 3369 atqtte
1159 3299 1331 3355 vorecnndin
1352 3299 1509 3355 christianae
1534 3301 1616 3368 sapuit.
1634 3300 1687 3356 sed
1707 3315 1796 3372 neque
1814 3300 1859 3359 in·

203 3392 269 3448 cisse
278 3396 359 3466 jueta
378 3397 475 3463 porram,
495 3400 520 3445 et
533 3390 613 3443 aliam
626 3390 668 3443 oia
683 3386 835 3457 Flaarinia;
849 3390 892 3446 uhi
907 3400 936 3447 ct
950 3406 1006 3449 coe·
1055 3390 1169 3459 scriptio
1184 3391 1276 3460 piorem
1287 3392 1313 3444 ia
1325 3389 1392 3455 Deo,
1405 3390 1592 3459 gentilismum
1606 3391 1680 3447 olet:
1692 3408 1780 3464 tneque
1791 3407 1860 3465 gett-

204 3483 347 3539 meterium
375 3482 455 3546 lecit,
469 3490 497 3537 et
519 3494 619 3550 corpus
632 3480 661 3537 S.
679 3480 814 3536 Valentini
828 3523 836 3547 ,
851 3482 946 3539 cadem
962 3483 1005 3538 ria
1056 3480 1113 3535 tilis
1125 3480 1205 3537 incilc
1219 3482 1294 3537 aredi
1311 3491 1401 3552 potest
1415 3482 1442 3537 ia
1455 3498 1506 3537 suo
1519 3481 1685 3539 llaleudnrio
1698 3484 1859 3556 apposuisse

203 3578 386 3635 achelandia
409 3579 475 3647 hap.
492 3576 635 3645 decollati,
651 3580 752 3649 posuit.
769 3578 873 3635 Eadem
889 3578 1006 3634 ccclesia
1057 3583 1137 3630 notas
1161 3575 1374 3631 altristiauorutu
1402 3576 1591 3633 dominicales.
1625 3577 1744 3634 Facilius
1768 3584 1859 3650 potest

205 3670 526 3742 tagttnrspndmmdem
541 3670 1005 3743 anastasiumdeiudemngaino·
1057 3666 1151 3734 credi,
1175 3667 1355 3723 christianum
1384 3668 1442 3723 suis
1466 3668 1676 3725 dominicalibus
1698 3668 1859 3740 adjunxisse

204 3763 297 3830 mittis,
313 3772 368 3821 eta
384 3763 467 3818 uariis
483 3764 660 3833 pontidoihus
676 3774 867 3831 restauratam,
882 3772 1005 3820 ornatam
1058 3759 1223 3816 nundinales
1237 3776 1271 3816 ex
1286 3775 1336 3817 usu
1354 3762 1468 3832 auriana
1488 3761 1521 3818 ad
1542 3762 1748 3834 intelligentiam
1766 3762 1857 3834 genti·

204 3866 232 3913 et
254 3854 404 3910 honoribus
426 3864 534 3909 auctam
558 3854 659 3921 inisse,
675 3864 737 3925 puta
753 3872 768 3908 a
784 3854 940 3921 Theodora,
955 3855 1006 3910 suh
1058 3851 1135 3917 lium,
1152 3862 1214 3908 tunc
1229 3851 1318 3908 adhuc
1333 3853 1414 3908 alatis
1428 3854 1587 3910 multorum.

205 3962 307 4003 anatum
331 3962 450 4014 accam
475 3946 622 4002 Benedicta
638 3947 660 4002 ll
673 3989 680 4013 ,
694 3964 835 4013 mussas:
850 3948 970 4003 Adriano
984 3949 1005 4015 l,
1093 3946 1120 4001 8.
1138 3945 1177 4001 Bc
1196 3946 1344 4016 praetuleris
1363 3954 1465 4002 statuat
1477 3947 1593 4019 quisque
1607 3954 1635 4003 ut
1654 3947 1739 4003 volet.
1758 3945 1858 4003 Moneo

206 4054 346 4104 καιιιιιις
363 4038 455 4095 herim
468 4039 520 4105 lll,
534 4050 561 4095 et
576 4038 709 4110 Gregorio
725 4039 771 4095 tv.
786 4039 852 4096 Cum
872 4055 939 4096 uero
956 4040 1007 4096 du·
1057 4037 1093 4095 do
1108 4039 1286 4111 sequentihus
1305 4038 1476 4096 Kalctmariis
1492 4054 1587 4110 pauca.
1611 4039 1733 4096 Pritaum
1755 4039 1860 4111 quoda

206 4132 271 4189 dum
292 4132 366 4188 raaia
391 4140 542 4201 temporum
563 4130 672 4187 lortuna
693 4133 777 4188 irretit
788 4132 920 4203 collapsa,
937 4134 1007 4188 situs
1058 4131 1195 4188 Bucheriu
1208 4134 1312 4189 editum
1325 4133 1401 4200 dixi,
1418 4147 1471 4188 nou
1486 4148 1519 4188 cs
1533 4134 1592 4203 ipso
1607 4132 1651 4188 hic
1666 4130 1862 4204 proteramus

206 4234 298 4281 tamea
312 4224 373 4294 cius
386 4225 517 4279 mentoris
532 4240 586 4281 uon
603 4224 717 4279 orttnino
729 4224 848 4288 interiit;
860 4223 1008 4281 scribenti·
1059 4236 1160 4297 prater
1182 4226 1235 4282 alia
1257 4227 1346 4282 miuus
1369 4236 1513 4293 correcta,
1537 4224 1668 4282 deliciunt
1692 4225 1729 4280 ioi
1751 4236 1863 4281 meuses

206 4316 257 4373 ltus
271 4318 413 4384 Patruinio,
426 4316 508 4372 Bosio
528 4325 556 4373 et
578 4316 758 4383 Florarame,
775 4315 858 4371 luisse
878 4316 905 4371 in
927 4318 1007 4372 vinca
1058 4329 1175 4388 quatuor
1190 4317 1333 4385 rhaetias,
1348 4317 1461 4387 Aprilis,
1474 4318 1561 4373 llaius
1575 4326 1604 4373 et
1616 4316 1724 4372 lunius.
1738 4314 1863 4381 inspexi-

207 4410 308 4468 ihidem
325 4409 396 4475 lat-i,
412 4426 472 4481 quaa
486 4424 559 4464 nuttc
574 4407 687 4464 lratrum
703 4408 732 4465 S.
748 4408 891 4478 Augustini
906 4416 958 4466 est.
973 4409 1007 4464 Et
1059 4426 1120 4465 mus
1140 4426 1189 4466 nos
1212 4410 1322 4467 lionam
1342 4409 1460 4468 Austris
1482 4424 1554 4464 ariao
1577 4421 1751 4464 uuetssxvm
1763 4406 1863 4463 hihlio-

207 4502 564 4575 auperhrrgustirrushtthin
576 4502 603 4556 iu
615 4500 716 4557 Notitia
727 4500 897 4557 abbatiarum
908 4500 1005 4568 ltaliae,
1019 4479 1046 4541 D
1059 4502 1165 4587 thecam
1192 4500 1367 4569 cesaream,
1394 4504 1422 4557 ia
1446 4516 1533 4573 eaque
1559 4500 1682 4557 codicem
1702 4498 1861 4568 cuspiniani

206 4608 268 4665 pag.
281 4594 347 4659 sati,
358 4595 398 4651 tio
410 4605 504 4650 rrarrnt
518 4595 552 4651 de
565 4595 682 4651 ecclesia
695 4605 723 4651 ct
736 4594 894 4651 caemeterio
907 4594 937 4651 S.
954 4594 1007 4651 ila·
1060 4593 1177 4650 situilcru
1193 4594 1244 4661 illi,
1256 4610 1291 4651 ox
1303 4610 1358 4667 ouri
1370 4593 1534 4666 ecgraphum
1547 4592 1674 4649 nuenarii
1687 4592 1861 4663 desumptum

207 4687 316 4752 lentini,
330 4705 344 4742 a
358 4688 432 4744 lulio
446 4688 610 4744 crtrrstructis
627 4704 634 4743 ι
652 4686 709 4743 llae
727 4690 784 4758 ipro
800 4698 943 4755 manicata,
957 4706 1007 4761 pao
1060 4685 1159 4754 luerit;
1176 4697 1256 4760 atquo
1278 4686 1368 4744 ornantia
1391 4688 1427 4744 ah
1449 4690 1508 4758 ipso
1532 4686 1679 4759 impressu,
1695 4687 1786 4744 denuo
1797 4686 1863 4745 ludo

206 4780 256 4835 ista
269 4782 422 4849 seriiinau,
439 4780 523 4837 medio
536 4782 636 4838 scilicet
648 4780 779 4839 larruaria
793 4800 863 4840 atrao
877 4800 1006 4853 uooxour,
1060 4780 1272 4851 descripsimus,
1286 4782 1368 4838 etiam
1390 4780 1596 4848 llnlottdnrium,
1611 4780 1647 4838 do
1665 4796 1721 4852 guo
1743 4782 1862 4853 agimus,

206 4875 296 4946 aliqua
310 4875 385 4930 nolis
399 4876 673 4947 apparuereaestipia.
689 4874 908 4935 Buateuimnoui
920 4880 1007 4948 adipi·
1061 4875 1161 4930 additis
1185 4887 1302 4948 quatuor
1325 4878 1482 4946 meusthus,
1504 4892 1565 4949 qum
1587 4876 1724 4933 Bucherio
1747 4875 1861 4931 desum.

206 4968 242 5021 cii
254 4970 418 5023 construitur
433 4985 544 5037 murus,
560 4979 663 5041 reperta
674 4978 734 5024 ram
747 4970 826 5039 plura
840 4974 956 5039 antiquos
969 4988 1011 5027 ec·
1061 4969 1134 5027 idem
1149 4986 1182 5027 ex
1198 4972 1295 5028 eodem
1310 4971 1405 5028 ardice
1418 4972 1581 5043 impressum
1601 4985 1711 5043 quoque
1729 4966 1806 5025 dedit
1822 4967 1864 5023 in·

207 5061 293 5116 clasiae
325 5061 443 5129 indicia,
472 5063 594 5131 sepulcra
619 5063 755 5131 uidelicet,
782 5066 1011 5136 sepulcrorumque
1062 5076 1170 5136 tegrum
1192 5063 1290 5121 Petrus
1304 5064 1465 5121 Lamhecius
1480 5075 1555 5122 trimo
1575 5060 1862 5136 guartoBihliothecae

207 5153 404 5222 inscriptiones,
418 5154 533 5222 piurima
549 5154 733 5225 defunctorum
748 5173 824 5222 ossa,·
839 5167 864 5212 et
876 5158 1012 5215 christiani
1062 5157 1206 5223 Caesareae,
1220 5158 1361 5230 pag.277;
1377 5159 1494 5231 indeque
1506 5160 1593 5229 ipsam
1610 5156 1654 5212 hic
1666 5153 1823 5211 rectrdimus
1833 5152 1861 5210 in

208 5246 733 5320 cemeteriiimefragalnleurguutemum
747 5252 1011 5324 coacitasepulcralis
1064 5250 1149 5321 priruu
1170 5251 1329 5322 paginarum
1352 5252 1495 5317 columam
1519 5249 1545 5305 ia
1570 5248 1657 5303 altera
1679 5244 1862 5317 extraposita

208 5335 307 5407 lapidis
323 5336 410 5406 l'arii,
425 5339 527 5409 egregie
538 5342 641 5405 scalpta
660 5340 768 5395 sardosis
783 5344 1010 5405 ercammarum·
1064 5344 1226 5414 producturi
1238 5360 1254 5400 e
1266 5344 1360 5400 codice
1375 5352 1471 5399 austro
1492 5356 1544 5397 ms.
1569 5338 1762 5394 halottdariuut
1784 5334 1864 5393 Polo·-

210 5430 257 5485 tali
270 5432 355 5487 crucis
375 5432 451 5503 signo
465 5430 657 5502 superscripto.
669 5450 729 5488 cum
743 5436 825 5489 tritus
839 5437 937 5491 oraniis
949 5437 1011 5508 plu·
1064 5438 1118 5493 arci
1133 5438 1221 5501 Siluii,
1231 5445 1261 5491 ut
1273 5439 1344 5493 inter
1357 5449 1388 5492 se
1401 5434 1512 5506 propius
1527 5450 1576 5506 per
1588 5432 1712 5503 singulos
1723 5432 1783 5489 dies
1795 5444 1863 5487 oon-

210 5522 332 5594 rilusque
349 5534 510 5578 mortuarum
524 5522 839 5598 ossiiasrlapisauoque
853 5543 1012 5585 maranoreus
1064 5529 1179 5587 siderari
1200 5528 1360 5599 passiones
1385 5525 1511 5594 lucilius,
1535 5524 1600 5597 qtrid
1623 5524 1670 5583 uui
1693 5524 1776 5595 desit,
1796 5520 1864 5597 qultl

211 5632 271 5669 cunr
285 5632 362 5672 cruce
372 5615 505 5673 iioaditali
519 5620 629 5690 desuper
645 5619 776 5689 insculpta
797 5635 807 5673 .·
826 5619 939 5677 detoratur
952 5638 1012 5695 pro·
1065 5622 1145 5681 alteri
1155 5622 1319 5692 accesserit,
1333 5621 1433 5679 notati.
