3900 6134
140 215 202 277 m
835 215 1102 277 euuuusoueus.
1745 221 1798 281 tuo

177 333 339 392 tteumutas
356 331 394 406 (o)
411 331 475 388 huic
487 331 608 390 Gratiani
636 333 768 405 rescripto
792 334 864 391 Petri
881 351 942 390 snc-
957 347 980 406 ¹q
994 314 1179 390 dissensiones
1199 333 1252 388 ille
1274 335 1342 389 inter
1361 332 1430 404 ipsos
1454 333 1595 389 catholicos
1620 332 1738 399 inerint,
1756 350 1803 391 cas

140 442 284 485 ocssornm
311 427 338 482 in
363 434 419 480 tota
435 425 556 480 Ecclesia
576 426 708 495 primatus
722 426 852 496 originem
871 429 950 483 attri-
1000 426 1051 485 hoe
1065 427 1125 483 loro
1138 440 1282 496 expressas
1306 426 1463 482 existimare
1490 426 1639 491 debemus,
1656 442 1724 498 quas
1742 433 1805 497 post

142 523 202 579 huit
216 541 223 578 ε
237 529 319 592 atque
339 520 403 575 hinc
425 519 580 574 Romanum
598 520 753 589 pontiliceur
768 529 947 590 repraesenta·
1001 519 1099 576 llelntil
1121 519 1223 576 olritum
1240 527 1315 575 ortas
1337 518 1420 575 fuisse
1446 519 1582 584 diximus,
1604 535 1636 576 ac
1657 519 1805 591 Gregorius

141 624 203 672 tum
215 613 312 671 scribit
326 612 377 668 suh
398 611 545 667 rrrrdecimo
560 625 646 667 cornu
663 611 781 667 Danielis
803 627 863 682 cap.
879 627 947 678 rrtr,
1000 610 1185 668 Nazianzenus
1200 612 1232 667 iis
1253 611 1382 684 lacrymis
1397 612 1493 683 «liguas
1508 614 1545 667 ait
1564 612 1668 685 quoles,
1684 613 1806 667 necetius

144 708 224 780 errius
235 691 336 763 deinde
350 704 486 759 durationi
511 706 590 759 enrris
613 706 705 759 neseio
726 712 792 774 quot
813 706 950 775 prustitu·
1000 725 1045 764 uer
1055 726 1142 765 reeens
1156 710 1291 783 quisquam
1304 711 1386 765 edidit
1395 712 1489 777 odium,
1505 712 1535 765 oi
1549 712 1616 767 ullos
1626 714 1703 767 sortis
1713 713 1806 767 odres-

147 801 339 871 tis,1udlolum
354 809 521 870 postremum
544 798 663 854 turritum
680 798 776 869 lnquit.
792 800 827 855 tu
844 800 867 856 si
891 799 950 855 haec
1000 816 1036 857 ιω
1059 804 1181 873 impetus.
1201 802 1304 857 Etettint
1325 803 1442 876 magistri
1472 803 1553 870 plelris
1565 846 1573 870 ,
1587 815 1662 874 atque
1680 804 1806 860 antistites

148 894 224 951 serio
241 895 370 965 scripsit,
386 892 459 948 aliud
484 891 551 947 nihil
566 903 732 948 consecutus
754 900 796 948 est
820 908 899 959 ryuam
921 899 950 948 ut
1000 896 1083 949 suncti
1093 896 1195 951 deuteres
1210 895 1346 965 Spiritus,
1362 904 1386 949 et
1402 895 1447 965 qui
1461 895 1561 950 thronis
1577 895 1689 964 tundunt
1702 896 1733 950 ai
1747 898 1806 952 ultis

151 1000 274 1058 maguam
289 997 345 1040 tum
361 985 461 1051 ciuilis,
478 997 534 1039 rum
549 986 740 1040 ecclesiasticae
757 984 879 1041 hi=torlre
906 988 949 1041 in·
1000 987 1092 1053 serio,
1108 988 1178 1052 queis
1194 988 1294 1058 paritur
1308 987 1397 1056 solos,
1412 995 1485 1042 tnuto
1500 991 1591 1057 sorore
1604 965 1631 1042 ie
1647 997 1734 1058 petunt
1757 989 1807 1062 ipsi

151 1081 254 1136 scitistn
267 1078 410 1149 penideret,
422 1085 586 1147 augeretque
599 1093 741 1133 numerum
757 1079 949 1148 prophetarum
1000 1079 1107 1134 inuicem
1119 1123 1126 1148 ,
1142 1081 1346 1141 touruttourrdo,
1362 1082 1537 1136 contrutrrndo
1552 1082 1659 1154 ropius,
1677 1082 1806 1154 carpendo

150 1187 183 1229 es
204 1185 287 1241 grege
306 1170 504 1237 sectariorum,
524 1169 550 1224 ln
576 1184 690 1239 quorum
716 1184 765 1225 ore
788 1170 861 1225 dedit
880 1172 951 1227 lleus
1001 1187 1055 1226 sese
1071 1184 1158 1228 rrrutuo
1174 1174 1290 1248 linquis,
1306 1173 1384 1242 effere
1401 1174 1538 1242 saliendo,
1556 1177 1648 1230 urerrtis
1665 1186 1694 1229 at
1712 1177 1805 1244 solent,

150 1262 277 1333 spiritum
301 1260 444 1316 mendacii.
464 1260 623 1331 Anonymus
637 1275 702 1314 vero
715 1258 835 1316 lrlstoriae
852 1261 951 1317 liema-
1001 1282 1072 1324 santa
1082 1268 1203 1337 impotes,
1219 1267 1362 1336 predando
1374 1283 1438 1337 quos
1459 1267 1516 1338 quis
1529 1274 1589 1320 unte
1602 1267 1717 1340 proedorr'
1730 1273 1807 1338 quent

151 1372 251 1413 norum
272 1355 428 1426 pontificum
452 1354 676 1418 consarcinator,
691 1352 848 1410 Gratianum
862 1357 950 1425 ipsum
1002 1361 1092 1415 rubido
1106 1360 1250 1431 imperandi
1263 1361 1323 1415 dum
1335 1370 1400 1415 tenet
1414 1371 1510 1415 mentes
1521 1361 1579 1415 sitis
1602 1361 1689 1416 orhenr
1701 1361 1806 1416 unirer·

151 1449 289 1505 vecordiae
303 1450 417 1513 incusat,
431 1447 504 1518 quod
515 1463 546 1502 ea
562 1446 621 1518 lege
632 1447 731 1502 nedum
742 1447 879 1502 Romanos
890 1462 952 1503 cos·
1001 1469 1059 1508 sum
1075 1469 1191 1522 prorsus,
1204 1460 1231 1506 ut
1243 1452 1405 1509 divulserint.

150 1541 215 1599 dem
228 1539 368 1611 pontillces
380 1555 395 1594 a
407 1555 456 1595 sna
475 1554 506 1595 ac
520 1547 683 1595 caeterorum
697 1541 891 1610 imperatorum
906 1540 951 1612 ju·
1038 1543 1102 1599 llaec
1123 1543 1204 1614 igitur
1223 1544 1312 1598 omnin
1324 1586 1331 1610 ,
1345 1559 1406 1614 quae
1423 1545 1458 1600 oh
1481 1562 1562 1600 unum
1588 1544 1710 1601 Floriani
1731 1544 1806 1602 ordi-

150 1632 311 1689 risdr’ctione
325 1631 952 1704 srrlrtraserlt,rerumetiamillam,quadeinde
1002 1636 1140 1689 nationem
1154 1635 1303 1704 contigisse
1317 1636 1464 1704 Gregorius
1476 1643 1533 1691 tum
1548 1635 1673 1693 hocloco
1688 1638 1735 1701 nit,
1750 1646 1806 1692 tum

150 1726 326 1782 shnterentur
339 1767 347 1792 ,
360 1726 387 1781 in
407 1741 455 1782 eos
471 1726 651 1781 transtulerit.
675 1726 703 1781 st
718 1727 791 1781 enim
804 1725 949 1796 trarrslugae
964 1739 988 1802 Β
1003 1742 1095 1785 rursus
1119 1729 1145 1784 in
1170 1729 1294 1784 oratione
1320 1730 1352 1784 ad
1383 1729 1436 1785 150
1459 1728 1573 1798 Patres,
1590 1746 1650 1786 cum
1664 1737 1807 1802 perspecta

155 1817 218 1874 hoie
230 1817 310 1874 iidem
327 1817 433 1885 hahes,
447 1833 509 1873 cum
538 1818 674 1873 llosnnnos
689 1821 833 1889 episcopus
853 1818 886 1873 od
912 1817 952 1873 lo-
1003 1819 1134 1874 haherent
1151 1819 1245 1875 Patres
1259 1819 1367 1875 concilii
1389 1820 1588 1890 Aquileiensis,
1604 1822 1740 1891 simulque
1764 1822 1806 1876 in·

150 1926 211 1967 rursu
225 1912 357 1968 saeculare
369 1920 434 1967 tunc
449 1911 517 1967 trahi
533 1921 634 1981 posset,
655 1912 773 1967 nondum
787 1909 876 1967 iuerat
890 1918 952 1969 ante
1004 1912 1193 1980 tellesisscnt,
1219 1927 1272 1968 non
1296 1912 1383 1968 levem
1410 1913 1524 1967 Parrllnn
1547 1913 1675 1983 injurtam
1689 1912 1805 1982 iactam,

152 2003 206 2060 hoc
219 2015 324 2076 tempus
344 2021 491 2077 supremus
509 2006 637 2061 Ecclesiae
649 2006 732 2076 judex
749 2023 755 2059 :
773 2004 823 2061 hoc
845 2007 952 2062 liarrrasi
1003 2005 1078 2060 aiunt
1091 2019 1152 2061 sese
1166 2020 1218 2060 nou
1232 2005 1405 2061 urediocriter
1418 2015 1581 2072 commotos,
1591 2007 1662 2078 quod
1677 2007 1807 2081 pleraque

151 2100 279 2170 exemplo
294 2100 435 2171 prohaturn
454 2109 527 2169 putat
542 2120 551 2167 ,
569 2116 649 2171 quern
679 2101 794 2170 primum
822 2099 953 2171 synodale
1003 2096 1123 2151 inuoooto
1148 2107 1350 2168 compererant,
1366 2099 1492 2169 quodque
1507 2099 1524 2153 ii
1539 2100 1721 2170 grouoiontur,
1736 2114 1807 2171 quos

149 2194 283 2266 judicium
301 2195 336 2250 nh
353 2195 518 2264 imperatore
533 2195 688 2264 postulasse
701 2194 803 2264 iuquit,
824 2203 854 2248 ut
866 2189 964 2248 saecu·'
1004 2187 1040 2244 oh
1060 2196 1191 2258 perpetuo
1206 2197 1341 2246 serratam
1356 2206 1417 2246 cum
1434 2191 1657 2248 Occidentalilrus
1685 2210 1808 2249 eonrmu·

152 2287 251 2343 larium
265 2287 469 2358 magistratuum
484 2286 525 2341 sui
540 2287 666 2341 conscius
680 2286 851 2341 severitatem
873 2294 954 2353 atque
1006 2278 1242 2354 nionemody'uoerl
1255 2283 1511 2353 potiusopnrtrhat,
1525 2282 1698 2340 Tirrrotlreum
1710 2301 1808 2356 nempe

153 2382 338 2452 integritatem
351 2380 512 2446 declinaret,
528 2395 690 2451 quamquam
706 2379 815 2440 deiude,
831 2393 892 2432 curn
904 2393 953 2432 nc·
981 2383 988 2395 ·
1005 2372 1222 2428 Alexandrinum
1238 2383 1265 2430 et
1285 2375 1427 2430 Paulinum
1444 2377 1655 2434 Antiochenam.
1669 2377 1807 2435 llosenlm

152 2491 207 2548 que
220 2475 292 2546 apud
306 2475 457 2547 synodum,
471 2489 558 2544 neque
572 2472 642 2543 opud
659 2470 755 2528 civiles
770 2473 842 2541 ipsos
858 2471 956 2540 mugis-
1006 2475 1158 2534 queruntur
1169 2482 1259 2520 eorum
1273 2467 1474 2525 dissensionibus
1490 2471 1596 2541 urgeri,
1613 2486 1727 2542 quorum
1741 2471 1809 2529 fides

154 2580 241 2627 tntus
257 2585 372 2641 purgare
387 2584 417 2624 se
429 2582 508 2639 posse
523 2565 689 2634 eontrderet,
704 2565 737 2619 ad
755 2565 841 2635 ipsum
854 2563 956 2634 princi·
1006 2558 1192 2628 superioribus
1208 2562 1376 2632 temporibus
1392 2563 1551 2633 haesitabat,
1575 2581 1670 2620 corrmr
1686 2567 1807 2638 scilicet,

155 2665 197 2735 pis
208 2662 402 2718 consistorium
414 2662 487 2717 uelut
499 2661 532 2715 ad
541 2659 659 2732 asylum,
675 2656 847 2726 conlugieudi
866 2656 956 2711 consi·
1006 2664 1075 2720 (utos
1101 2651 1172 2706 ulem
1193 2652 1341 2724 Gtettltilts
1360 2655 1525 2732 ἆμιιδὸξουι.
1551 2667 1578 2713 vl
1600 2660 1696 2732 μέσους
1718 2669 1808 2730 locut.

156 2755 224 2811 llum
249 2764 390 2825 postremo
408 2753 518 2822 ceperit
547 2749 673 2807 Proiecto
703 2751 725 2804 si
757 2748 877 2818 putidum
905 2748 957 2802 lroc
1006 2745 1094 2813 acqui
1117 2754 1235 2813 tuentur,
1258 2764 1333 2820 quarn
1348 2751 1466 2822 princeps
1491 2759 1574 2818 teuet,
1590 2752 1680 2822 fidem.
1701 2753 1728 2808 si
1744 2769 1810 2810 vero

157 2847 312 2916 hihliopoloe
334 2846 498 2914 mancipium
520 2843 555 2899 oh
578 2842 683 2911 singula
709 2828 849 2896 mendacia
869 2837 957 2893 nemsi
1008 2835 1167 2894 Timotheus
1193 2851 1251 2908 post
1274 2843 1445 2913 turpissimas
1470 2843 1528 2898 illas
1546 2844 1700 2914 excitatas,
1728 2856 1809 2918 atque

156 2939 290 3006 deheret,
306 2938 396 2994 nuilus
409 2948 482 2994 esset
501 2935 616 2992 orationi
638 2935 718 3000 lluis;
737 2949 797 2988 nam
812 2940 879 3004 quot
903 2948 957 2988 uno
1007 2928 1122 2998 agitatas
1139 2932 1346 2997 contentiones,
1360 2948 1421 2988 eum
1437 2934 1494 2989 suls
1508 2937 1644 3008 episeopis
1655 2936 1810 2994 Constanti-

156 3030 211 3086 hoe
224 3032 252 3086 in
266 3032 328 3086 loco
340 3029 417 3086 dolos
431 3037 556 3095 consuat,
574 3029 747 3100 fallaciasque
761 3036 860 3091 nectat,
879 3026 957 3081 laede
1009 3020 1128 3088 nopolim
1137 3021 1257 3087 venient
1266 3023 1405 3078 sanciendo
1413 3024 1503 3093 [ederi
1516 3025 1699 3094 adtahomret,
1709 3031 1731 3085 si
1743 3028 1811 3085 nihi·

155 3136 303 3196 sperteque
317 3122 518 3192 deprehendet,
529 3123 575 3193 qui
587 3121 703 3177 Rotnani
714 3122 823 3177 concilii
836 3129 863 3177 et
875 3117 992 3186 liqui-C
1010 3111 1124 3168 lominus
1151 3129 1246 3170 eorum
1258 3114 1397 3177 hominum
1415 3118 1555 3174 rurolestias
1577 3135 1608 3176 ac
1626 3120 1811 3178 dissensiones

156 3217 268 3273 leiensis
289 3216 417 3279 litteras,
441 3231 473 3272 ac
497 3213 620 3272 Gratiani
640 3216 724 3285 ipsius
747 3217 908 3285 rescriptum
922 3217 956 3274 ad
1008 3202 1081 3260 felle
1092 3214 1202 3263 ⁰0³⁰¹¹¹⁵
1216 3218 1269 3274 ⁸⁵¹2
1283 3209 1392 3279 l¹¹²¹¹¹¹¹¹n
1418 3224 1644 3282 perspectumque
1658 3223 1711 3277 <³⁸¹2
1728 3214 1809 3270 aliam

155 3307 324 3378 Aquilinum,
333 3325 393 3363 curn
406 3308 448 3363 his
460 3307 580 3378 ejusdem
591 3310 720 3382 anonymi
731 3308 812 3364 dictis
822 3308 955 3364 corrierat.
1009 3316 1062 3354 111111
1077 3314 1157 3370 posse
1169 3302 1319 3372 excogitari
1336 3318 1457 3371 causatu,
1477 3319 1558 3375 qtttlut
1576 3320 1656 3360 tunam
1677 3314 1811 3363 retentam

155 3402 306 3470 caer-qm,
320 3402 393 3474 quod
407 3403 441 3459 aq
457 3403 576 3459 diuinam
588 3403 773 3459 Ronmqqfum
788 3402 954 3473 fronciacum,
1008 3408 1069 3447 cunr
1090 3394 1222 3460 Pandion,
1249 3395 1433 3469 rejectanrque
1456 3412 1516 3454 eum
1533 3398 1663 3455 Flaviano
1682 3382 1812 3458 ⁸ordinato

156 3497 364 3567 cpismporum,
377 3510 410 3551 ac
424 3495 612 3561 sacerdotum,
626 3510 822 3563 sacrorumque
836 3494 956 3549 omnium
995 3489 1062 3573 ¹iam
1077 3489 1205 3558 episcopo
1218 3492 1454 3560 eornrnuniouem,
1468 3510 1499 3549 ae
1514 3496 1627 3566 proinde
1638 3499 1812 3554 manile-tum

156 3588 344 3644 ministrorum
359 3589 558 3657 exemptionem
575 3589 691 3656 attinet,
704 3603 764 3642 earn
782 3596 835 3643 tam
851 3585 956 3654 solidis,
1009 3592 1060 3647 est,
1076 3581 1252 3652 Aquileiense
1266 3585 1429 3650 concilium,
1443 3587 1573 3658 quidquid
1591 3588 1767 3647 Tillcmontio
1780 3606 1811 3648 ac

156 3678 321 3749 invictisque
336 3680 486 3734 rationibus
501 3688 676 3734 asseruerunt
690 3677 846 3746 complures
870 3679 957 3746 scrip-
1009 3672 1120 3728 Florido
1136 3675 1221 3729 risum
1241 3677 1293 3742 sit,
1309 3677 1374 3731 nihil
1392 3677 1504 3734 latuisse
1525 3695 1639 3750 eorrurr,
1667 3698 1728 3754 quse
1743 3698 1812 3738 con·

157 3783 235 3829 tores
247 3773 372 3829 catholici
393 3784 457 3829 ante
468 3789 530 3841 me,
546 3781 576 3828 ut
588 3774 631 3839 iis,
646 3789 706 3842 qoae
722 3784 775 3827 tam
794 3787 866 3844 supe
887 3772 957 3830 diets
1009 3766 1184 3836 stantlnopoli
1205 3766 1333 3835 decreta,
1359 3783 1391 3824 ac
1410 3770 1532 3826 coniecta
1546 3773 1602 3841 y'aru
1619 3772 1745 3842 lueraut,
1761 3774 1814 3830 hcc

158 3874 243 3932 sunt,
261 3866 360 3921 iterum
372 3865 505 3932 dicendis,
522 3874 630 3934 tempus
647 3863 746 3919 lrostra
763 3871 908 3919 tereretur.
1010 3868 1100 3914 alutem
1117 3858 1139 3913 si
1153 3868 1270 3924 constat,
1286 3871 1382 3916 contra
1393 3877 1458 3919 reso
1469 3863 1491 3917 si
1507 3864 1573 3919 nihil
1589 3864 1623 3921 de
1636 3863 1746 3923 llasimi
1759 3866 1814 3941 Gy-

195 3957 241 4015 lil.
263 3958 364 4014 Praeter
382 3959 453 4015 hanc
473 3960 638 4030 epistolam,
659 3975 720 4030 quur
740 3957 775 4013 ad
796 3974 878 4014 unum
891 3957 959 4014 Gra·
985 3960 987 3964 ‘
1010 3954 1063 4009 uici
1086 3956 1330 4019 exauctoratione,
1345 3957 1367 4010 si
1380 3956 1412 4011 de
1424 3956 1547 4029 Gregorii
1564 3959 1812 4032 inthronizatione,

157 4050 265 4106 &rrum
290 4059 417 4121 spectat,
446 4052 525 4121 eique
551 4048 688 4106 reddenda
718 4048 827 4118 luerat,
846 4050 958 4105 alteram
1011 4048 1032 4103 si
1047 4046 1081 4103 de
1101 4046 1219 4103 Nectarii
1241 4048 1415 4105 ordinatione
1430 4049 1495 4105 uilril
1513 4067 1625 4121 prorsus
1639 4054 1664 4108 in
1682 4057 1755 4110 hisce
1767 4055 1814 4111 lit·

156 4143 272 4213 scripsit
283 4143 457 4213 Aquileiense
469 4143 612 4198 concilium
626 4183 633 4209 ,
653 4142 760 4213 quoad
775 4159 856 4198 unum
870 4142 960 4197 Theo·
1011 4140 1078 4195 teris
1089 4137 1222 4204 alierum,
1236 4139 1385 4211 dijudicare
1398 4141 1455 4210 ipse
1464 4148 1553 4209 potes,
1564 4144 1629 4215 quid
1642 4145 1813 4214 hmhrosius,

156 4236 270 4293 dasium
283 4245 311 4293 et
331 4236 365 4291 ad
382 4236 534 4292 Orientales
547 4237 689 4306 episcopos
705 4238 830 4305 pertinet,
845 4247 961 4305 qouque
1011 4234 1159 4304 caeterique
1174 4233 1295 4303 ejusdem
1310 4234 1419 4290 concilii
1433 4234 1528 4292 Patres
1545 4235 1576 4292 lis
1593 4239 1627 4294 de
1648 4241 1730 4295 rebus
1750 4256 1815 4296 cen·

157 4344 213 4403 per
226 4329 327 4400 legatos
339 4330 375 4384 ah
393 4342 427 4385 eo
444 4329 562 4384 concilio
577 4328 675 4383 missos
689 4327 769 4381 alluta
783 4367 790 4392 ,
806 4342 837 4381 ac
855 4326 960 4382 redditu
1012 4327 1126 4381 suerint.
1143 4327 1195 4382 Sed
1213 4337 1241 4381 ut
1254 4341 1286 4382 eo
1298 4339 1441 4397 revertur,
1457 4331 1530 4387 unrle
1545 4332 1662 4389 breviter
1675 4334 1815 4406 digressus

157 4425 320 4492 imperatori
337 4423 398 4489 luit,
410 4439 441 4478 sc
460 4424 535 4494 yrlura
559 4421 840 4491 complendumque
859 4419 961 4488 adeius
1012 4433 1083 4483 sunr,
1096 4418 1146 4473 hos
1166 4418 1253 4474 tutte
1267 4420 1327 4489 fidei
1341 4419 1495 4477 Orientales
1506 4426 1649 4496 episcopos
1663 4426 1816 4497 optathrn·

158 4517 295 4587 temporis
320 4517 508 4572 illustrandam
531 4516 672 4572 historiam
699 4514 818 4573 iaciunt.
840 4513 863 4569 si
889 4512 1002 4574 recteD
1016 4513 1122 4569 lrrnsius
1143 4527 1216 4577 suae,
1232 4521 1313 4585 atquc
1332 4515 1447 4569 allorum
1463 4516 1676 4574 Occidentaliunr
1693 4535 1816 4575 cnmrnu-

158 4608 347 4665 advertantur.
362 4609 453 4664 Primo
466 4609 557 4679 itaque
568 4610 746 4676 imperatores
758 4606 879 4671 laudant,
891 4603 962 4674 uyurrd
1016 4606 1090 4661 uioni
1112 4607 1243 4677 adjungi,
1269 4605 1416 4663 dnmmodo
1431 4608 1545 4680 integrae
1566 4611 1736 4684 sincereque
1753 4612 1816 4671 ddci

159 4718 260 4761 corum
280 4703 379 4773 piersre
397 4702 498 4757 lactum
521 4703 570 4769 sit,
592 4709 623 4756 ut
646 4702 672 4756 iu
692 4701 839 4756 Occidente
849 4700 893 4754 rix
908 4698 963 4753 duro
1015 4697 1052 4753 illi
1067 4700 1131 4764 sint,
1147 4715 1179 4752 oc
1195 4710 1299 4755 uetusto
1312 4701 1498 4756 communionis
1512 4703 1599 4770 sociis,
1616 4704 1729 4764 Paulino
1744 4710 1818 4765 scili-

160 4794 286 4850 ssereret
314 4795 416 4864 reperti
434 4794 533 4850 luerint
555 4813 561 4848 :
586 4794 613 4849 in
635 4793 747 4850 Oriente
774 4810 839 4849 rere
858 4791 964 4846 Arionis
1015 4801 1105 4847 cetae
1128 4791 1285 4862 Timotheo,
1300 4794 1395 4851 eadem
1420 4800 1590 4870 prerogantes
1603 4811 1733 4872 seruetur,
1749 4819 1818 4877 quos

160 4887 347 4963 ejecissent
366 4905 454 4943 omnes
475 4890 590 4944 ecclesie
614 4887 664 4943 Dei
684 4889 820 4943 catholicis
837 4887 964 4942 restitute
1014 4884 1134 4954 ejusdem
1149 4884 1219 4954 luris
1233 4885 1380 4959 participes
1397 4905 1457 4946 esse
1469 4891 1580 4959 volunt,
1595 4894 1652 4951 sire
1665 4899 1728 4968 qula
1747 4915 1818 4952 com·

161 4982 232 5048 sins,
246 4992 323 5053 otqrte
337 4981 392 5037 illoe
403 4998 452 5053 per
466 4985 535 5036 scios
549 4982 690 5037 catholicos
704 4986 917 5054 frequententur:
931 4996 963 5035 es
1015 4977 1099 5030 munis
1110 4977 1217 5031 societas
1230 4978 1328 5032 nullom
1340 4979 1434 5035 trahere
1444 4983 1516 5037 dedet
1529 4985 1669 5057 ostensum,
1687 4990 1744 5044 sire
1756 4990 1818 5059 qula

162 5091 219 5148 qoo
230 5086 304 5145 patet
317 5077 461 5148 episcopus
471 5077 602 5148 Aquileiae
619 5084 800 5147 congregatos
812 5077 844 5130 de
860 5075 964 5146 legibus
1015 5083 1076 5125 cum
1087 5067 1278 5125 Occidentales
1291 5071 1426 5143 utriusque
1436 5078 1530 5145 portis,
1540 5074 1689 5134 lleletianrc
1699 5078 1815 5145 scilicet,

162 5183 180 5224 ι
205 5167 361 5226 Theodosio
377 5169 423 5225 dic
437 5171 472 5226 10
486 5169 671 5238 lanuaril,et
686 5170 720 5225 50
734 5168 798 5224 tutti
813 5170 839 5224 iu
854 5169 964 5225 corrro-
1015 5161 1354 5231 etjPaultntanae,ttueros
1383 5164 1482 5222 dudunt
1506 5172 1678 5243 accepissent,
1706 5172 1815 5242 utrique

163 5273 229 5317 nost
245 5259 326 5326 laris,
343 5262 476 5317 certiores
500 5260 606 5329 iactos,
622 5276 684 5315 rum
707 5260 867 5316 scriberent.
896 5259 964 5314 Tum
1016 5257 1301 5322 commuuteareram,
1319 5259 1446 5332 nullaque
1469 5267 1528 5316 erat
1552 5276 1653 5329 eausa,
1669 5277 1717 5318 cur
1735 5278 1819 5322 unam

164 5350 485 5418 dehonestamenta
513 5353 584 5423 ipsos
612 5351 752 5408 catholicos
778 5353 966 5418 dissensiones,
1018 5349 1099 5404 modo
1123 5365 1179 5421 pre
1200 5351 1250 5406 alia
1268 5352 1410 5422 eligerent.
1427 5352 1461 5409 Ut
1474 5353 1546 5407 illam
1560 5353 1659 5425 igitur,
1686 5370 1738 5428 qua
1765 5356 1819 5431 ipsl

162 5445 599 5517 supramemoratarum
618 5458 699 5503 causa
722 5459 802 5513 esse,
824 5445 968 5515 quominus
1018 5456 1080 5498 com
1103 5443 1228 5499 omnihus
1250 5442 1412 5510 utebantur,
1429 5444 1501 5498 inter
1519 5442 1659 5517 utriusque
1672 5448 1757 5514 partis
1771 5465 1820 5507 ca-

165 5539 211 5595 his
230 5537 370 5598 beneflciis
391 5541 497 5613 integre
518 5538 638 5616 gaudere
651 5540 767 5613 possint.
790 5536 858 5597 Gom
880 5539 969 5611 itaque
1020 5536 1137 5594 tholicos
1151 5551 1244 5610 pacem
1269 5535 1465 5606 conciliarent,
1483 5535 1588 5609 pridem
1603 5550 1635 5599 se
1652 5540 1822 5606 tuherssse

205 5725 245 5798 (a)
265 5723 295 5781 in
309 5723 415 5782 Daniel.
428 5723 528 5797 proph.
544 5737 670 5798 cap-stu
683 5733 711 5780 et
724 5722 751 5780 in
767 5721 852 5794 hpoc.
863 5735 889 5778 c.
906 5734 945 5776 ιιι.
963 5762 968 5791 ,
