3900 6134
167 235 221 294 259
766 227 925 288 SANCTUS
943 228 1107 292 uidistis
1125 231 1225 290 cnut.
1764 237 1819 299 ito

167 350 322 408 Nestorium
334 347 509 406 ordinavimus
530 345 679 419 episcopum
698 345 727 403 in
741 346 883 403 uniuersali
905 364 967 403 con·
980 347 1120 424 ACynieo
1132 350 1269 417 tacebant,
1289 349 1395 418 minas;
1408 360 1436 407 at
1445 352 1464 409 li
1480 367 1592 421 prorsus
1605 354 1727 414 divim
1751 358 1817 415 „qqq

170 445 241 508 cilio,
255 441 383 498 oomnrnni
396 439 509 495 amnium
518 452 655 504 consensu,
673 453 761 493 sorana
772 438 968 511 relipiosissinro
1022 443 1159 512 ridentur,
1172 445 1283 514 suisque
1297 446 1495 518 praeconceptis
1507 447 1681 520 opinionibus
1693 448 1796 522 abrepti
1808 468 1815 506 ι

170 530 967 609 impsratorellssodosiqadstipulanteonrnielmostelotnoe,
1021 537 1817 612 pontifexenimboniiacios,testisproculdubioidoneus,

169 629 362 701 Antiquissima
376 643 435 682 nero
447 625 615 681 Antiocheam
626 625 654 679 in
665 624 744 697 Syria
758 623 883 683 Ecclesiae
899 643 970 682 reoc-
1022 645 1102 687 unam
1119 640 1223 688 tantum
1233 630 1310 688 alieri
1324 632 1405 703 bojas
1418 633 1458 690 rei
1473 649 1595 699 causam,
1607 637 1669 707 quia
1686 652 1784 709 nempe
1793 637 1821 694 id

169 720 353 777 rendissimnnt
365 727 389 773 et
404 718 627 792 reliqiosissimunr
640 719 788 789 episcopans
802 716 969 786 Flauianum,
1021 723 1123 793 negotii
1138 723 1165 779 in
1178 722 1292 780 Romani
1305 723 1425 798 episcopi
1439 727 1546 783 notione
1558 744 1611 784 non
1622 737 1697 797 esset,
1708 744 1822 802 eamque
1919 792 1923 801 Ι

169 825 226 872 tum
241 813 312 870 illius
326 813 487 879 Prouincias,
503 822 557 868 tunt
571 812 685 868 dioecesis
700 811 842 868 Orientalis
856 811 971 884 episcopi
1022 827 1167 887 propterea
1188 817 1339 888 firmitatem
1353 834 1407 875 non
1424 819 1553 888 baberet,
1566 837 1627 895 quat
1638 838 1673 879 ex
1694 839 1749 879 una
1762 833 1821 880 tan·

169 910 197 965 in
215 926 293 965 annm
313 907 463 983 conqrcpati
478 907 602 962 cassanias
618 905 772 962 ordinarunt
786 914 839 961 tola
853 903 971 960 Ecclesia
1021 914 1079 963 tum
1108 908 1265 978 apostolieae
1296 910 1370 967 sedis
1400 913 1593 972 communione
1623 915 1754 974 accedere
1783 917 1824 975 iffi

169 1004 357 1069 consentiente,
384 1010 409 1057 ct
432 1001 507 1073 quasi
533 1017 585 1057 sno
611 1016 654 1056 ore
676 1000 760 1056 sirnnn
786 999 971 1056 collaudante:
1022 1009 1147 1073 poterat;
1172 1001 1307 1072 siqnidem
1333 1002 1495 1072 Nestorius,
1523 1005 1733 1065 catechumenus
1757 1025 1823 1066 cum
1928 997 1933 1004 ’

169 1111 248 1167 qnam
262 1095 365 1165 quidem
378 1093 567 1149 ordinationem
580 1092 696 1165 synodos
712 1092 833 1148 nnisma
846 1091 970 1162 suscepit.
1022 1100 1104 1162 esset,
1119 1091 1229 1149 Nicmno
1241 1093 1332 1150 cani
1347 1095 1381 1152 ab
1393 1095 1553 1168 episcopatu
1565 1096 1719 1168 arcebatur,
1732 1115 1824 1173 eaque

168 1189 415 1263 Hierosolymitanae
435 1197 522 1243 antem
545 1186 671 1244 Ecclesia
685 1186 927 1242 emmendissinnns
941 1201 972 1239 oc
1022 1191 1065 1240 est
1077 1198 1158 1241 causa
1180 1199 1229 1240 cor
1248 1185 1342 1256 plures
1356 1200 1390 1242 ex
1407 1185 1534 1245 Patribus
1547 1191 1608 1260 elus
1621 1192 1822 1249 consecrationi

167 1283 392 1355 reliqiosissimum
405 1280 531 1353 Ggrillnns
543 1280 700 1346 indicamus,
718 1281 763 1352 qni
775 1279 897 1334 sarranice
908 1278 973 1334 olins
1023 1275 1057 1332 alt
1072 1276 1150 1333 initio
1164 1277 1382 1335 intercesserint.
1394 1278 1452 1336 ilco
1463 1279 1555 1355 iisque
1567 1297 1629 1339 cum
1638 1281 1722 1340 etiam
1733 1282 1823 1341 Titeo·

153 1436 155 1440 ,
172 1376 224 1448 luit
237 1375 383 1438 ordinatos,
395 1383 420 1428 et
436 1372 550 1444 plurimo
561 1373 641 1427 uariis
653 1372 679 1426 in
690 1372 754 1426 loeis
765 1371 973 1426 contradrianos
1023 1369 1117 1426 dosius
1132 1370 1216 1441 probe
1239 1370 1404 1444 intelligeret
1426 1385 1613 1432 assereretur
1638 1391 1673 1433 ne
1687 1376 1752 1449 quid
1766 1377 1820 1435 ite·

170 1460 971 1535 entaortnasntto.docantemtocotteveregiusutitorto),
1024 1476 1084 1518 rum
1108 1471 1254 1535 propterea
1279 1473 1374 1521 eontra
1398 1463 1552 1523 Nectarium
1580 1468 1685 1524 mareri
1712 1479 1823 1542 posset,

171 1570 204 1618 ut
217 1561 430 1632 apostolicorum
452 1574 603 1624 canonum,
623 1573 691 1631 quos
705 1559 757 1615 sub
774 1573 841 1615 voce
856 1557 974 1629 antiqua
1025 1554 1111 1612 tribus
1125 1556 1171 1628 qui
1186 1565 1248 1613 ιιιιιο
1261 1557 1295 1614 ab
1308 1573 1341 1614 ea
1355 1558 1460 1631 synodo
1473 1559 1588 1616 Romam
1603 1556 1683 1634 legati
1697 1562 1821 1636 episcopi

171 1655 322 1710 sanctionis
335 1653 469 1710 indicatos
483 1661 557 1710 recte
571 1660 664 1723 putat,
690 1652 878 1709 auctoritatem
893 1660 975 1723 atquc
1025 1650 1143 1719 inerant,
1157 1652 1260 1709 aulicos
1272 1666 1337 1709 snos
1350 1652 1484 1723 adiunxit,
1495 1669 1550 1725 quo
1561 1653 1666 1711 iacilius
1678 1655 1823 1713 Damasum

145 1781 148 1785 -
173 1747 361 1818 antiquitatem
374 1746 515 1814 adstruat,
531 1761 564 1803 ac
582 1756 611 1801 ιιι
622 1745 739 1802 Nectarii
752 1757 779 1802 et
794 1745 915 1802 Floriani
930 1760 974 1802 or·
989 1739 1013 1802 B
1027 1750 1198 1815 permoveret
1210 1743 1245 1799 ad
1259 1744 1450 1802 concedendas
1464 1761 1523 1802 snae
1541 1746 1741 1805 communionis
1755 1748 1829 1807 litte·

174 1841 341 1907 dinationes,
362 1840 462 1895 nedum
486 1854 500 1893 a
523 1838 668 1910 cujuslibet
691 1839 856 1911 provincia,
879 1853 973 1895 rerum
1026 1851 1082 1904 ras,
1097 1835 1156 1893 sire
1168 1841 1317 1910 sponsam,
1331 1854 1392 1910 tque
1404 1839 1534 1897 collatum
1550 1839 1687 1915 neopbgto
1700 1843 1825 1899 sacerdo-

172 1935 255 1994 etiam
276 1936 391 1992 aliarum
411 1933 611 2006 provinciarum
633 1949 665 1990 ac
687 1933 771 1990 totius
789 1931 923 1999 Orientis,
946 1933 974 1989 in
1026 1929 1091 1985 tiam
1103 1930 1246 1985 roboraret.
1269 1928 1299 1985 ld
1319 1946 1384 1987 reso
1399 1941 1456 1999 est,
1472 1932 1500 1988 tsi
1514 1932 1606 2003 lallor,
1620 1933 1690 2006 quod
1706 1935 1826 1992 brnbro·

173 2029 290 2088 coneilio
314 2029 616 2099 Corrstantinopolitano
639 2036 703 2084 tuno
724 2028 896 2099 congregatis
917 2026 975 2096 epi·
1025 2025 1093 2093 sius,
1106 2023 1184 2096 cujos
1194 2025 1249 2082 alio
1263 2024 1324 2083 loco
1334 2026 1418 2083 rerba
1429 2026 1518 2097 attuli,
1532 2042 1586 2084 noo
1598 2026 1714 2085 obscure
1728 2029 1825 2097 sensit,

173 2124 277 2196 scopis,
289 2122 375 2179 lactas
391 2123 495 2193 probet.
509 2121 611 2177 Nitenti
624 2136 704 2178 secus
717 2131 802 2187 esset,
815 2135 864 2178 cur
877 2134 975 2190 proro-
1025 2131 1087 2173 cum
1103 2117 1302 2175 ordinationem
1318 2120 1441 2174 suamab
1456 2117 1633 2176 Orientalibus
1651 2130 1678 2176 et
1699 2119 1827 2178 Occiden-

174 2224 284 2272 cassont
296 2216 330 2272 ad
340 2216 473 2287 antiquans
486 2215 557 2271 illam
569 2213 976 2280 sanctionem,canonesseilicet
1026 2208 1120 2265 talibus
1129 2209 1335 2282 comprobatam
1345 2211 1467 2282 scripsit,
1476 2211 1636 2283 atquealiis,
1650 2210 1827 2269 Orientalibus

173 2309 341 2383 apostolicos
352 2308 388 2366 cl
401 2318 429 2365 οι
443 2308 495 2366 552
508 2308 624 2364 illenim
641 2307 829 2364 tantummodo
843 2318 925 2379 agunt
940 2305 976 2363 dc
1026 2303 1150 2374 scilicet,
1164 2304 1311 2375 exemplum
1325 2305 1484 2374 dumtaxat,
1496 2303 1709 2363 Occidcrrtoliius
1723 2316 1826 2376 autem,

174 2402 322 2466 vocandis,
338 2402 362 2459 si
377 2401 520 2474 placuerit,
536 2401 648 2457 aliarum
664 2400 745 2457 etiam
760 2410 788 2456 οι
802 2397 975 2454 finitimarum
1026 2413 1155 2470 supremo
1174 2415 1273 2471 nempe
1286 2400 1345 2472 ejns
1363 2400 1495 2458 Ecclesiae
1507 2401 1601 2472 capiti,
1608 2400 1741 2474 judiciam
1753 2402 1829 2459 attri-

174 2494 377 2568 prorineiarnm
391 2494 425 2551 ad
445 2508 537 2550 meras
552 2492 738 2549 ordinationes
753 2490 908 2564 episcopis:
924 2493 975 2547 boc
1026 2489 1087 2548 buit
1101 2492 1149 2563 (ι).
1170 2491 1236 2549 Cum
1258 2493 1339 2564 igitur
1351 2503 1454 2549 cottam
1475 2508 1508 2550 ac
1520 2494 1705 2551 necessariam
1718 2509 1828 2552 eausam

54 2581 58 2589 ’
173 2605 240 2648 rero
255 2600 351 2647 contra
364 2604 422 2654 eos,
437 2588 483 2660 qni
497 2588 655 2644 Florianum
670 2585 822 2642 Antiochiae
833 2599 976 2642 eonsecra-
1027 2592 1188 2652 tenearnns,
1212 2601 1262 2640 cnr
1282 2583 1405 2655 episcopi
1425 2584 1464 2640 iili
1477 2583 1510 2640 de
1525 2583 1645 2642 Nectarii
1658 2585 1829 2643 ordinatione

173 2690 231 2740 tum
244 2690 373 2739 asserunt
394 2681 503 2738 interim
519 2680 692 2736 obseruatum
707 2677 791 2734 rolui.
808 2675 863 2734 Sed
877 2677 974 2733 iterum
1028 2675 1147 2733 Damaso
1167 2677 1329 2744 retulerint,
1342 2676 1455 2734 minime
1470 2691 1583 2736 neccsse
1596 2688 1649 2747 est,
1664 2687 1695 2736 ιιι
1707 2678 1740 2736 ad
1754 2679 1830 2737 ltali-

173 2775 331 2843 sedeamns,
346 2776 418 2834 unde
429 2775 615 2832 discessimus.
1027 2769 1484 2842 cumeonciliumejusqnelitteras,
1494 2770 1569 2828 mera
1581 2786 1677 2843 nempe
1688 2771 1827 2845 figmenta,

212 2870 282 2940 Quid
296 2867 491 2943 igitorliyriilo
503 2868 612 2925 crimini
625 2867 718 2924 datum
733 2866 826 2935 luerit,
840 2875 870 2923 ιιι
880 2866 978 2923 Orien·
1027 2861 1351 2919 recurramus.Caterum
1366 2873 1426 2920 erat
1436 2863 1522 2920 altera
1536 2872 1667 2936 praeterea
1679 2864 1762 2932 ratio,
1778 2880 1830 2922 οιιι·

174 2965 244 3023 tales
257 2964 396 3037 episcopi,
415 2963 475 3031 ejus
487 2963 558 3032 apud
573 2961 666 3018 sedem
681 2960 858 3034 apostolicam
874 2959 976 3016 Roma·
1027 2958 1140 3028 formato
1157 2971 1171 3009 a
1198 2954 1323 3011 Romano
1333 2944 1465 3028 pontiliee
1478 2970 1526 3028 pro
1537 2953 1664 3013 Nectario
1675 2964 1829 3028 peteretur,

176 3071 296 3128 namque
319 3054 390 3112 itanc
418 3055 552 3127 synodum
584 3068 693 3110 eattsam
721 3051 790 3109 tueri
816 3050 975 3118 debuerint,
1027 3048 1077 3106 sed
1096 3063 1158 3120 quar
1177 3047 1286 3105 silentio
1314 3048 1367 3120 tegi
1397 3063 1430 3105 ac
1453 3047 1618 3106 dissimulari
1633 3047 1738 3107 debuit.
1762 3047 1829 3106 liam

173 3150 287 3207 minime
301 3158 418 3205 constat.
439 3147 508 3204 Sunt
521 3145 567 3218 qui
587 3145 690 3202 lactum
706 3154 818 3215 potant,
837 3143 900 3215 quia
924 3142 976 3198 ba·
989 3138 1013 3203 C
1028 3156 1089 3198 enm
1116 3143 1261 3215 episeopus
1285 3141 1605 3215 constantinopolitanus
1630 3144 1666 3201 alr
1691 3142 1831 3202 Heracleas

175 3260 271 3304 masus
284 3259 317 3301 ac
329 3242 518 3301 occidentales
535 3241 596 3313 ejus
606 3240 804 3299 ordinationem
819 3238 976 3295 iniamatam
1029 3235 1174 3308 metropoli
1184 3233 1472 3302 subtractus,decreto
1483 3235 1579 3309 synodi
1592 3236 1707 3308 primum
1720 3236 1832 3293 honoris

175 3347 318 3397 noverant.
336 3336 450 3393 Rufinus
463 3333 606 3406 praeterea,
621 3335 748 3391 Socrates
762 3348 794 3390 ac
808 3332 977 3390 Souomenus
1028 3326 1141 3400 gradum
1164 3336 1225 3400 post
1243 3329 1397 3385 Romanum
1412 3337 1680 3399 consecutusesse13
1699 3337 1730 3385 nt
1752 3345 1832 3386 nore

178 3432 255 3490 illum
271 3432 297 3486 in
313 3430 364 3487 lide
378 3429 484 3485 rariurn
503 3427 587 3484 luisse
601 3426 742 3494 scribunt,
764 3424 837 3497 quod
858 3423 978 3480 recentia
1030 3420 1169 3493 dignitatis
1186 3422 1263 3493 quasi
1287 3423 1489 3493 possessionem
1505 3420 1602 3491 iniret,
1625 3422 1766 3480 ridebatur
1779 3438 1831 3480 ne·

177 3524 281 3598 aliquot
295 3524 453 3581 Graecorum
479 3537 583 3579 menaea
606 3523 770 3578 eonilrmare
791 3519 928 3577 sidentur.
945 3519 981 3576 tlt
1030 3515 1190 3582 cessarium,
1204 3515 1330 3588 exemplo
1345 3514 1554 3572 blesattdriniet
1566 3514 1742 3586 antiocneni,
1756 3524 1787 3573 ut
1797 3516 1835 3575 de

177 3617 222 3674 nir
242 3617 366 3673 doctrina
389 3614 534 3686 acpietate
559 3614 671 3687 insignis
693 3615 844 3683 Touttaeus,
871 3612 898 3670 in
917 3613 979 3671 Vita
1030 3611 1072 3667 sui
1092 3610 1265 3667 ordinatione
1285 3610 1443 3682 apostolieae
1461 3608 1521 3668 sedi
1545 3609 1675 3681 reiceret,
1698 3610 1733 3668 ab
1746 3626 1835 3684 eaque

176 3709 300 3782 eitrsdarn
314 3708 403 3766 Patris
421 3708 552 3781 operibns
566 3708 719 3778 praemissa,
737 3707 808 3764 banc
821 3707 855 3762 ab
869 3721 904 3763 eo
922 3704 981 3763 cul·
1031 3701 1137 3759 litteras
1146 3703 1348 3759 communionis
1360 3701 1513 3774 acciperet,
1527 3701 1601 3774 quod
1613 3702 1769 3774 exemplam
1782 3703 1835 3760 sub

178 3817 241 3875 pam
253 3802 399 3872 diligenter
412 3809 530 3858 amovet.
545 3799 707 3856 Rationibns
717 3808 808 3853 autem
821 3797 856 3852 ab
869 3810 903 3853 eo
914 3796 980 3853 alla·
1031 3792 1159 3851 Nectario
1179 3794 1297 3867 positum
1316 3804 1429 3853 sanctus
1442 3793 1564 3852 loatrnes
1576 3795 1788 3868 chrysostomus
1801 3811 1843 3853 ac-

179 3895 216 3951 tis
240 3894 302 3950 addi
327 3902 420 3961 posset
443 3893 486 3959 id,
500 3891 573 3963 qood
591 3892 619 3946 in
637 3888 772 3964 synodica
787 3889 894 3960 legitur,
917 3904 980 3947 eum
1031 3889 1124 3947 caeteri
1155 3904 1330 3948 successores
1362 3891 1442 3963 longo
1468 3889 1598 3962 deinceps
1624 3889 1723 3947 ordino
1747 3892 1834 3948 secati

178 3986 300 4052 seilicet,
316 3985 348 4040 ai
362 3984 468 4056 synodis
479 3983 526 4038 sno
543 3981 655 4039 damaso
672 3981 772 4048 doma,
788 3996 821 4038 ac
833 3979 981 4038 Constanti·
1031 3990 1111 4049 sunt;
1126 3983 1205 4040 bisce
1216 3992 1320 4047 autern,
1335 3999 1396 4056 quae
1410 3981 1564 4040 orientales
1577 3998 1592 4038 a
1603 3997 1633 4039 se
1647 3983 1778 4057 islinpor
1792 3985 1836 4040 nal

178 4077 270 4150 napoli
279 4075 326 4131 sui
341 4075 465 4130 Nectaric
475 4073 621 4140 celebratis,
634 4073 723 4129 sttnltis
736 4074 835 4129 elatum
848 4073 979 4142 lautliiss,
1031 4077 1317 4141 monofoonstitnta
1327 4078 1471 4150 putabant,
1483 4076 1626 4148 epistolant
1637 4074 1836 4133 concludentes

178 4180 211 4228 ιιι
225 4171 289 4226 Ιιίιιο
300 4169 414 4240 colligas
426 4182 493 4239 pura
508 4165 594 4222 luisse
608 4165 683 4222 illum
698 4165 771 4222 ilde:
787 4166 981 4239 accedasquod
1032 4181 1143 4242 petunt,
1161 4179 1191 4227 ιιι
1205 4171 1337 4228 Damasus
1355 4169 1505 4242 ceterique
1530 4168 1721 4226 Occiderantes
1741 4183 1834 4226 secum

179 4263 204 4322 si
220 4262 347 4318 baeresim
363 4259 503 4332 prolessus
524 4258 670 4331 aliqnando
690 4257 794 4328 inerat,
811 4259 844 4315 ad
859 4275 981 4317 commu·
1032 4265 1275 4339 pulmentumque
1289 4263 1484 4332 ecclesiastica,
1498 4278 1532 4320 ac
1541 4272 1662 4320 mutuam
1672 4260 1835 4319 charitatem

180 4357 290 4416 trionem
306 4355 391 4429 recipi
407 4371 456 4427 per
464 4353 619 4411 orientales
631 4368 684 4409 non
701 4362 821 4425 poterat,
833 4354 885 4411 nisi
900 4368 982 4412 censa
1032 4357 1202 4427 exprimente
1212 4356 1328 4413 lormula
1339 4363 1463 4423 utuntur,
1476 4363 1506 4411 ut
1519 4369 1615 4412 eorum
1626 4352 1749 4411 omnium
1774 4366 1836 4425 quse

179 4453 276 4510 asede
303 4447 452 4522 apostolica
473 4456 552 4504 antea
567 4445 675 4519 cognita
689 4444 865 4503 stdiscussa.
890 4446 982 4518 Siqai·
1032 4450 1230 4508 eonstituerant
1259 4449 1493 4511 confirmationem
1519 4456 1660 4521 ροιοιοιιι,
1700 4445 1835 4519 siquidem

179 4545 243 4604 dem
258 4545 333 4602 Felix
347 4542 381 4601 ttt
405 4543 474 4598 banc
490 4555 553 4598 esse
568 4539 699 4596 Ecclesia
714 4538 834 4610 reguiam
853 4547 881 4595 et
908 4547 983 4595 rete·
994 4531 1023 4595 D
1036 4542 1079 4600 bic
1094 4552 1153 4600 erat
1168 4543 1360 4617 synodicarum
1375 4543 1552 4612 relationum,
1564 4557 1625 4615 quae
1638 4541 1672 4598 ad
1682 4539 1837 4599 Romanum

179 4654 239 4696 rem
253 4638 425 4695 traditionem
440 4633 550 4696 scribit.
567 4633 718 4704 primarum
740 4631 847 4688 sedium
861 4631 984 4705 episcopi
1036 4635 1192 4708 pontilicem
1203 4637 1393 4705 mittebantur,
1410 4635 1472 4693 linis
1487 4634 1538 4710 (d).

179 4746 242 4788 cum
257 4731 291 4787 alr
305 4730 402 4786 baeresi
419 4736 611 4793 acceduntur,
634 4739 689 4780 non
705 4723 782 4794 prius
804 4723 984 4796 recipiantur,
1071 4725 1116 4783 it.
1133 4726 1197 4784 llaec
1205 4726 1383 4785 Orientalium
1392 4726 1508 4799 epistota
1520 4725 1650 4798 inscripta
1659 4721 1837 4791 estunam,

180 4839 215 4881 tte
226 4822 445 4879 communionem
458 4820 610 4883 obtineant,
621 4831 702 4888 qnam
713 4815 748 4871 ad
762 4817 878 4888 primam
890 4815 982 4874 sedem
1035 4816 1189 4890 Ambrosia,
1205 4821 1329 4890 Britoni,
1349 4820 1509 4888 Valeriano,
1526 4817 1670 4885 dsslsolio,
1693 4817 1802 4874 Ammia
1814 4825 1841 4872 ct
1903 4825 1909 4833 ·

180 4924 242 4972 acta
255 4912 350 4976 relata,
365 4920 447 4981 atque
459 4909 494 4965 ab
515 4923 558 4976 ea,
575 4923 636 4980 que
650 4906 763 4964 delinita
776 4906 900 4977 inerant,
917 4923 984 4966 eon·
1035 4910 1153 4981 basilio,
1172 4931 1203 4969 aa
1217 4914 1316 4970 catenis
1329 4914 1357 4969 in
1371 4929 1467 4985 maqrra
1480 4911 1543 4967 urie
1556 4909 1643 4967 nmo
1656 4907 1837 4982 concrepatis,

184 5009 293 5066 firmata
308 5001 424 5075 sintii).
1035 5020 1069 5063 et
1082 5022 1138 5080 quo
1150 5008 1305 5080 colligimus
1318 5022 1366 5065 eos
1384 5021 1481 5064 omnes
1503 5004 1622 5063 concilio
1645 5003 1685 5060 ilii
1706 5000 1837 5058 adluissc.

220 5102 251 5159 V.
271 5098 349 5170 Quod
368 5094 403 5151 ²d
427 5093 582 5151 Nestorium
597 5093 711 5159 attinet,
736 5102 816 5160 sunt,
832 5093 905 5166 quod
927 5093 983 5164 iam
1037 5099 1067 5157 st
1081 5098 1208 5154 basiliam
1230 5099 1371 5170 excipias,
1394 5113 1428 5156 ac
1451 5096 1605 5164 Britonem,
1621 5095 1738 5166 aliorum
1760 5093 1842 5150 sedes

180 5195 354 5254 obseruatum
371 5204 387 5246 a
401 5186 481 5244 nobis
495 5185 556 5250 tuit,
573 5187 619 5256 qui
634 5193 747 5242 censent
761 5184 821 5253 ejus
836 5184 984 5241 ordinatio·
1037 5191 1153 5263 cognitae
1164 5192 1231 5248 satis
1240 5200 1304 5248 sunt
1315 5209 1323 5248 ε
1335 5190 1476 5250 Britonem
1488 5200 1579 5249 tamen
1591 5188 1751 5255 Bollandns,
1762 5185 1842 5258 cujus

179 5304 264 5356 cern,
290 5302 325 5344 ex
348 5278 507 5356 praescripta
532 5276 636 5334 Nieaerri
663 5274 772 5333 concilii
798 5275 859 5348 lege
885 5277 983 5333 tactam
1037 5287 1200 5342 sententiam
1226 5285 1416 5344 quqemqnqqs
1449 5284 1488 5361 (ι)
1519 5285 1662 5356 sequitur,
1692 5280 1842 5363 qquqmgq

180 5380 333 5439 orientales
347 5391 472 5435 asserere
486 5389 520 5432 eo
534 5370 662 5440 consilio,
677 5380 777 5428 uteam
794 5379 921 5429 tueantur
934 5372 983 5428 ad·
1038 5378 1129 5450 magni
1156 5379 1184 5436 tn
1208 5379 1255 5436 itta
1280 5381 1364 5439 epm
1389 5387 1471 5438 aeqqqe
1486 5378 1607 5436 nominis
1624 5374 1755 5434 quleeiae
1769 5389 1843 5447 psa·

179 5480 277 5534 sersus
301 5473 409 5529 bamasi
432 5480 513 5544 atqne
536 5467 770 5536 Occidenteiium,
796 5467 842 5541 qui
867 5466 985 5526 blasium
1036 5469 1122 5531 inisse
1142 5483 1258 5531 censet:
1275 5489 1325 5547 pro
1338 5473 1441 5531 Basilio
1453 5473 1501 5530 alii
1516 5471 1673 5530 Bassianum
1686 5469 1779 5546 legunt
1789 5484 1799 5539 3
1815 5476 1845 5526 at

217 5596 246 5814 {a
276 5593 344 5651 cm.
360 5594 428 5651 Can.
439 5594 529 5652 leod.
546 5592 633 5659 libr,
648 5606 708 5664 cap.
725 5590 771 5647 ct.
1088 5591 1117 5664 d)
1132 5593 1171 5650 lie
1184 5590 1267 5650 liare.
1280 5592 1327 5650 lib.
1343 5609 1369 5660 t,
1382 5606 1444 5662 cap.
1460 5589 1507 5661 to,
1523 5590 1539 5664 l
1553 5589 1581 5648 9.

233 5667 247 5721 i
279 5667 364 5721 Crine.
379 5665 449 5721 lert.
464 5666 530 5722 edit.
545 5673 611 5722 totu.
627 5661 663 5734 l,
677 5678 704 5736 p.
723 5661 787 5721 l8'l·
1089 5662 1463 5737 etuas.tnst.,tom.v11t.

235 5741 260 5811 c}
281 5736 343 5797 bd.
359 5750 420 5809 cap.
434 5734 464 5804 i,
479 5736 507 5792 in
522 5734 572 5792 lin.
