3900 6134
140 227 180 286 aa
679 213 840 278 ntusntu
859 211 1079 276 rnsssrrsnr
1097 212 1252 276 scateat
1425 165 1433 183 ’
1757 215 1795 276 at

141 336 226 392 etiam
247 338 329 389 antea
341 369 350 398 ,
364 328 430 387 dom
453 329 548 386 Romae
568 335 679 399 esunt,
696 345 745 389 eos
759 331 947 388 lucilerianos
961 343 986 401 g
1000 331 1057 401 ipss
1071 331 1242 403 comperies,
1257 329 1385 388 illaudato
1404 328 1528 403 quamvis
1553 329 1629 404 operi
1643 343 1722 388 snum
1735 329 1796 388 iore

141 428 240 486 luisse.
262 425 300 484 llt
323 433 352 480 ut
373 430 437 491 est,
458 427 585 497 συνιχιὶα
601 433 677 480 certe
699 424 868 500 praelationis
887 439 949 481 cum
1001 424 1136 494 pretium;
1160 425 1237 494 cuius
1259 433 1385 480 auctores
1405 432 1433 480 et
1458 423 1492 480 de
1512 438 1543 480 se
1556 423 1623 495 ipsis
1646 432 1674 480 et
1690 422 1797 481 dealiit

142 521 260 585 libello,
274 520 326 574 boc
346 527 387 574 est
408 516 548 574 Ursiniani
573 516 679 573 discidii
704 517 824 575 cobaesio
845 518 950 588 dequo
1001 531 1055 572 non
1069 531 1154 588 pauca
1176 517 1310 585 doceant,
1323 532 1385 588 quse
1397 516 1470 574 scire
1484 517 1634 582 conducat.
1648 528 1676 575 et
1688 518 1798 575 aliunde

146 615 289 673 dumtaxat
302 614 328 667 in
342 609 502 683 praefatione
516 611 625 682 agitur,
639 625 701 667 eum
716 609 951 666 Lttcilerianorum
1002 609 1167 665 nesciantur.
1184 628 1194 663 ι
1213 609 1349 666 Hactenus
1362 610 1418 666 ille.
1431 609 1520 681 Atque
1531 610 1558 667 in
1573 610 1697 668 eamdem
1711 609 1799 667 terme

148 722 231 766 eausa
250 719 329 775 quam
342 712 446 759 tantum
462 702 489 758 in
511 702 605 758 libello
623 710 749 768 tuentur,
764 701 830 757 setis
853 715 952 771 super·
1002 701 1165 758 sententiam
1184 710 1265 757 antea
1280 702 1412 758 Batonius
1425 699 1475 774 (i).
1490 701 1548 772 Qua
1574 700 1609 758 de
1623 715 1655 757 re
1668 717 1718 758 nos
1732 715 1800 773 quo-

150 798 241 872 quein
254 795 309 852 bne
321 793 489 862 praelationis
513 806 575 850 sese
588 793 689 864 legenti
704 794 811 864 aperit,
823 792 857 849 ad
869 807 950 865 quam
1002 809 1055 865 que
1070 793 1134 849 alibi
1150 794 1278 850 nonatulla
1293 794 1450 865 attigimus,
1463 791 1511 849 ubi
1524 794 1558 849 de
1568 801 1664 849 sancto
1682 792 1801 850 Damaso

149 893 234 951 miror
260 889 468 947 'tillemontium
495 902 549 944 non
579 886 741 943 attendisse.
765 885 888 952 Exinde,
912 887 953 941 in·
1002 886 1085 943 verba
1099 886 1213 944 lecimus
1229 889 1279 956 lc).
1295 885 1372 956 Quod
1387 894 1521 956 superest,
1538 885 1663 942 eumdem
1678 885 1799 943 libellum

148 986 246 1057 quiunt
257 982 313 1056 (ol,
326 980 469 1054 mesipteri
483 981 567 1050 pertis
583 980 737 1037 Ursinlanre
750 979 859 1036 dioneia
870 979 953 1035 modis
1004 981 1118 1038 Precum
1141 981 1262 1038 eraditus
1288 980 1542 1038 sirmondiannrum
1575 979 1665 1037 editor
1686 978 1802 1036 contulit

148 1078 245 1149 afflicti,
263 1091 310 1146 per
323 1073 606 1144 easitioetpereqrino
628 1069 954 1139 inestimatione&
1003 1088 1065 1130 cum
1086 1072 1180 1130 codice
1211 1088 1262 1129 ms.
1285 1072 1457 1130 bibliothecae
1484 1070 1664 1136 colbertina.
1685 1071 1803 1144 indeque

149 1170 240 1243 quibas
263 1169 456 1225 Mxxcexetrms
471 1176 495 1221 et
514 1165 668 1223 Ftnsrutus
682 1166 824 1238 presbyteri
840 1165 954 1238 (sucto-
1004 1168 1140 1225 variantes
1159 1166 1291 1223 lectiones
1313 1167 1458 1237 apposuit:
1473 1167 1593 1237 itemque
1613 1165 1804 1222 nonnullasex

150 1280 195 1320 res
207 1265 312 1320 scilicet
325 1274 382 1318 tunt
395 1261 478 1318 libelli
492 1270 547 1317 tum
558 1260 736 1332 praelationis,
751 1269 831 1317 antea
842 1260 952 1331 quidem
1003 1258 1098 1316 codice
1111 1258 1280 1331 llcntigiano,
1295 1274 1407 1332 quiscum
1423 1259 1448 1316 ei
1461 1259 1566 1329 copiam
1580 1256 1644 1314 lecit
1657 1257 1691 1314 cl.
1708 1256 1805 1314 llabil·

153 1356 310 1421 llrsiniani,
325 1369 396 1410 nunc
414 1368 480 1410 vcro
491 1352 665 1409 >laucileriani
683 1370 689 1407 :
718 1354 789 1423 quod
813 1351 954 1424 sequentia
1005 1353 1105 1409 lonius.
1119 1353 1223 1424 thibus
1237 1354 1400 1411 lectionibus
1414 1367 1511 1423 paucas
1527 1353 1656 1409 llasocbii
1672 1364 1806 1424 praestan·

152 1449 224 1504 tatis
238 1462 292 1518 prae
305 1462 335 1502 se
350 1444 462 1517 lerunt)
477 1445 683 1515 decentessime
697 1445 837 1516 saepest
851 1445 886 1518 (a
901 1459 953 1516 qua
1007 1445 1040 1500 tis
1054 1446 1105 1500 viri
1124 1446 1372 1502 animaduersiones
1391 1447 1509 1502 intextas
1521 1446 1624 1503 videas.
1640 1445 1679 1502 lie
1693 1444 1805 1518 reliquis

153 1549 268 1596 caeteros
280 1538 443 1595 bucileriani
459 1538 659 1608 excindebant,
675 1549 812 1607 tumtpttatn
826 1538 878 1610 ipsi
898 1537 950 1595 soli
1005 1553 1086 1608 porro
1100 1537 1128 1594 iu
1146 1539 1267 1596 Faustini
1281 1555 1364 1611 opera
1379 1541 1548 1609 subnotatis,
1563 1555 1657 1614 aequus
1669 1550 1698 1599 et
1709 1541 1806 1599 doctus

153 1629 307 1702 catholici),
319 1629 492 1685 ostentatione
503 1627 514 1700 (
527 1628 579 1684 boc
599 1637 642 1685 est
658 1630 848 1700 exhibitione)
873 1644 955 1684 sncroe
1007 1629 1093 1687 lector
1100 1628 1231 1702 judicium
1247 1631 1325 1689 ierat.

157 1722 344 1814 sommanionis
371 1721 542 1795 (nimirum,
572 1721 679 1777 cuinam
703 1720 856 1777 exbibenda
880 1731 996 1793 corn-13
1283 1741 1329 1799 DE
1348 1743 1532 1802 quSTqNO·

155 1817 249 1871 munio
263 1817 314 1879 eit,
329 1814 374 1870 cui
392 1828 458 1871 vero
472 1813 664 1886 deneganda),
678 1824 703 1869 et
726 1815 900 1886 desecationes
909 1814 958 1868 od·

153 1909 313 1965 meantium
326 1908 442 1973 ueritati,
465 1922 551 1977 precm
579 1905 786 1973 Valentiniano,
813 1904 958 1962 Flteodosio

137 1992 178 2057 'ct
192 2001 306 2056 Arcadio
327 1998 489 2071 principibus
513 1997 659 2053 obtulerunt
672 2000 719 2053 ito.
736 1998 875 2054 Hactenus
889 2013 958 2070 prte-

155 2094 242 2160 lado,
255 2102 318 2164 post
329 2091 533 2163 qoam-ttbettas
547 2091 654 2162 incipit.
668 2090 738 2161 Quid
753 2102 843 2146 autern
859 2091 958 2147 clarius

153 2185 247 2242 ad'erri
254 2192 358 2255 poterat
371 2184 404 2239 ad
417 2183 601 2255 praelationem
609 2197 669 2238 cum
679 2182 824 2253 libelloqui
833 2196 959 2237 nuncet-

153 2286 218 2344 stat,
230 2275 426 2348 glutinandum
434 2274 589 2347 dnpoterat
601 2291 649 2347 per
658 2274 716 2330 baec
725 2276 806 2330 rerba
815 2289 875 2343 quac
885 2283 959 2329 certe

152 2383 288 2424 summam
312 2365 477 2423 Lucileriani
493 2367 589 2423 veneni
603 2366 758 2432 continent,
775 2364 882 2437 praefari
895 2379 960 2420 auo-

153 2468 199 2515 tor
210 2460 288 2515 altori
297 2459 405 2515 cuidam
420 2459 524 2525 libello,
535 2459 579 2529 qui
606 2458 810 2515 Ursinianorum
830 2457 960 2513 adversus

154 2551 331 2607 bamastanos
342 2566 436 2621 preces
444 2550 601 2607 exhiberet?
612 2568 622 2603 t
634 2550 690 2606 lluc
702 2566 788 2622 usque
801 2550 842 2605 vir
851 2549 958 2607 doctus.

194 2646 237 2702 tt.
252 2646 381 2717 Quamuis
400 2656 490 2702 autem
510 2660 542 2702 ex
563 2645 696 2701 bactenus
716 2644 798 2701 dictis
819 2644 853 2701 de
865 2644 959 2700 libello

151 2738 272 2809 supplici
292 2736 447 2794 Theodosio
462 2736 623 2806 ceterisque
652 2736 757 2807 imperii
786 2734 960 2791 consortibus

153 2833 268 2899 oblato,
282 2831 349 2887 satis
371 2836 480 2887 constet
498 2830 577 2899 cuius
590 2831 734 2886 etintmatis
746 2830 800 2884 sint
814 2845 874 2899 tpttoe
888 2829 915 2884 in
926 2844 961 2885 co

155 2931 287 2982 enarrant
303 2922 479 2980 Marcellinus
501 2930 530 2978 et
554 2921 701 2977 Faustinus
715 2921 866 2994 presbyteri
881 2919 961 2975 lauri·

157 3018 256 3074 leriani
268 3033 276 3071 a
290 3032 346 3088 quo
365 3025 456 3072 tamen
476 3024 573 3072 cautos
593 3017 679 3086 magis
692 3015 961 3086 circumspectusquo

1132 1852 1467 1909 assumebantur.
1479 1830 1552 1923 ιζρρ.
1564 1858 1680 1912 mrem.

1333 1965 1348 2038 5
1376 1966 1401 2021 l.
1416 1965 1487 2021 Vita.
1542 2007 1544 2010 >

1044 2055 1189 2129 Presbyter
1202 2057 1399 2126 Luciferianus,
1414 2056 1491 2128 cujus
1505 2064 1587 2113 sectae
1612 2071 1722 2115 causam
1742 2071 1807 2114 eum

1010 2146 1177 2215 Marcellino,
1190 2148 1350 2221 presbytero
1363 2156 1390 2204 et
1400 2149 1470 2217 ipsu,
1487 2148 1513 2203 in
1526 2147 1619 2203 libello
1639 2147 1809 2219 imperatori·

1010 2237 1061 2294 bus
1072 2239 1270 2302 Valentiniano.
1283 2239 1437 2296 'lbendosio
1452 2249 1479 2295 et
1493 2237 1610 2296 Arcadio
1621 2237 1742 2311 augustis
1755 2238 1810 2296 cir-

1010 2344 1041 2386 ca
1054 2346 1100 2386 au.
1115 2346 1264 2388 cecutxxtv
1280 2332 1381 2399 oblato,
1393 2329 1524 2387 delendit.
1539 2330 1640 2401 lliginti
1663 2328 1720 2393 iere
1730 2329 1810 2387 annis

1011 2433 1074 2480 ante
1084 2434 1179 2480 contra
1197 2424 1341 2480 Damasum
1353 2439 1461 2495 quoqne
1473 2438 1535 2481 curn
1550 2423 1704 2480 Ursinianis
1726 2432 1810 2482 stete-

1010 2525 1063 2585 rat,
1079 2517 1240 2589 quibusoam
1250 2516 1398 2589 plurimum
1412 2527 1476 2572 tunc
1488 2514 1651 2573 bucileriani
1667 2516 1810 2584 conspira-

1009 2621 1115 2666 verant.
1135 2610 1192 2679 Qna
1208 2608 1242 2667 de
1262 2625 1342 2667 causa
1367 2618 1396 2667 et
1414 2609 1509 2666 libello
1523 2610 1568 2666 isti
1588 2624 1637 2666 seu
1658 2608 1811 2681 praelationi

1012 2701 1102 2772 potins
1117 2701 1206 2757 eidem
1222 2702 1373 2774 premissae
1386 2700 1528 2756 manifesta
1542 2699 1597 2757 odii
1620 2699 1648 2756 in
1665 2699 1812 2755 Damasum

1010 2795 1123 2865 vestigia
1138 2795 1269 2865 impressa
1282 2802 1355 2856 sunt.
1368 2808 1401 2849 ac
1423 2794 1569 2849 multorum
1581 2793 1668 2863 ipsum
1680 2801 1709 2848 et
1719 2790 1811 2850 socios

1012 2886 1071 2956 ojus
1082 2887 1199 2956 turpiter
1208 2893 1237 2941 rt
1244 2886 1334 2956 inique
1341 2894 1479 2958 gestorum
1491 2885 1642 2952 insimulat,
1653 2900 1713 2956 quse
1726 2899 1813 2957 quan-

1012 2987 1068 3034 tunt
1079 2979 1134 3034 sint
1148 2979 1254 3035 veritati
1266 2982 1449 3037 consentanea
1462 2980 1546 3051 qttaeri
1563 2978 1644 3036 salet,
1669 2978 1723 3036 Set
1750 2978 1803 3036 hut

1012 3080 1088 3126 certo
1103 3071 1171 3137 scio,
1182 3070 1370 3141 ipsamscripti
1385 3070 1464 3142 liujus
1476 3071 1620 3128 lectionem
1635 3071 1704 3143 apud
1716 3085 1810 3143 aequos

1012 3164 1153 3234 bonosque
1163 3178 1259 3220 omnies
1271 3165 1428 3235 opinionem
1440 3179 1472 3221 ac
1483 3164 1563 3222 ddcm
1579 3173 1721 3223 auctorum
1748 3180 1813 3224 suo·

1013 3257 1261 3315 rutneleraturam.

158 3111 289 3170 reddatur
311 3111 357 3182 qui
382 3111 417 3167 ad
448 3110 509 3183 ejus
532 3109 675 3166 lectionem
698 3111 863 3175 accesserit;
888 3106 999 3184 tvaudg

159 3208 281 3262 otiosum
300 3204 381 3262 luerit
405 3204 433 3261 in
454 3205 572 3261 medium
597 3206 695 3261 allerre
712 3220 773 3275 quae
785 3204 818 3261 ad
832 3203 958 3260 eumdem

160 3301 285 3357 libellum
299 3301 461 3372 praemonuit
483 3299 644 3357 sirmondus
661 3300 693 3354 ll.
707 3300 739 3355 C.
755 3299 913 3371 primusque
929 3299 961 3355 il-

159 3394 214 3450 lins
234 3393 332 3449 editor.
355 3391 401 3448 Sic
422 3402 513 3447 autem
542 3405 572 3447 ee
591 3391 714 3447 babent:
741 3408 751 3445 ι
768 3390 820 3459 Qui
844 3392 963 3446 schisma
1319 3372 1378 3445 §2
1395 3371 1510 3443 Sffll’l‘l·

160 3486 227 3542 olim
249 3485 344 3541 Romae
365 3485 497 3554 adversus
517 3485 660 3541 Damasum
675 3500 735 3540 cttrn
751 3483 964 3541 llrsinuconda·
1050 3487 1154 3545 Praeter
1178 3487 1305 3543 Libellum
1335 3486 1448 3544 Precam
1474 3487 1530 3561 iam
1555 3494 1816 3556 commemoratum.

160 3589 248 3646 ravit,
268 3588 315 3634 ant
333 3593 368 3634 ex
389 3577 570 3634 Luciierianis
593 3587 692 3642 erant,
708 3586 754 3632 aut
774 3591 834 3633 cum
859 3576 913 3633 illis
934 3591 964 3633 se
1015 3581 1190 3652 cujustamen
1202 3591 1294 3651 partes
1306 3582 1340 3637 ad
1356 3581 1540 3638 Marcellinum
1556 3597 1666 3653 quoque
1679 3581 1818 3650 pertinere
1896 3557 1901 3574 ’

162 3671 328 3728 Larcileriani
343 3670 559 3742 conjunxerunt,
587 3676 616 3724 et
632 3668 730 3739 duplici
743 3668 855 3724 dissidio
872 3669 965 3723 Eccle-
1016 3674 1102 3738 aiunt,
1118 3671 1253 3743 Praelatio,
1268 3688 1328 3742 quae
1341 3673 1506 3729 antecedere
1524 3674 1597 3729 illum
1614 3675 1697 3740 solet,
1711 3674 1816 3744 absque

163 3765 235 3820 siam
249 3764 403 3819 turbarunt.
414 3760 503 3834 Atque
523 3761 550 3817 in
560 3759 652 3818 Ursini
662 3760 771 3831 quidem
782 3775 864 3816 causa
885 3775 965 3831 apuam
1017 3763 1100 3821 dnbio
1114 3764 1148 3819 ab
1161 3763 1255 3819 iisdem
1271 3762 1455 3834 proficiscitur
1472 3761 1640 3825 auctoribus.
1657 3763 1732 3820 licet
1744 3764 1817 3820 enim
1876 3748 1881 3753 ’

165 3855 280 3926 inquieti
304 3853 422 3919 luerint,
442 3863 470 3909 et
492 3867 572 3924 qnam
589 3853 743 3924 importune
758 3854 965 3924 magistratuum
1018 3871 1079 3913 cutn
1096 3855 1187 3912 libello
1198 3854 1265 3910 nibil
1280 3853 1536 3913 commanebabere
1547 3854 1682 3924 videatur,
1694 3870 1725 3911 ac
1736 3854 1819 3912 Tille-

165 3959 194 4005 et
208 3948 360 4018 principum
375 3960 456 4002 aures
477 3946 633 4017 latigarint3
648 3961 709 4016 qum
723 3945 750 4000 in
764 3946 907 4001 annalibus
922 3960 967 4002 ec·
1019 3949 1200 4006 ntontioatleo
1211 3961 1349 4017 tamquam
1363 3947 1476 4003 alterius
1486 3948 1578 4018 operis
1591 3947 1763 4019 praelatiorel
1777 3947 1820 4004 di·

165 4039 331 4096 clesiasticis
348 4048 455 4095 exstant
467 4077 476 4104 ,
490 4036 670 4094 Valentiniani
692 4038 725 4093 ad
750 4037 944 4095 Pretestatum
958 4080 966 4108 ,
1019 4042 1090 4098 versi
1105 4041 1224 4097 auctoris
1236 4040 1319 4098 loetus
1332 4045 1366 4095 ab
1379 4055 1412 4097 cn
1425 4040 1594 4112 segreganda
1610 4041 1667 4096 visa
1683 4041 1735 4105 sit;
1748 4037 1821 4096 barud

166 4131 308 4203 olybrium
325 4139 350 4185 et
364 4129 516 4204 Ampeliou
531 4129 677 4200 praelectos
696 4128 792 4197 Urbis,
807 4140 833 4188 et
846 4130 969 4187 Gratiani
1020 4133 1113 4191 delicit
1123 4145 1213 4190 tamen
1226 4134 1383 4204 explicandi
1402 4133 1483 4204 liujus
1494 4133 1660 4191 discriminis
1673 4133 1755 4204 ratio,
1770 4148 1822 4192 nee

168 4224 204 4278 ad
216 4223 372 4293 Aquilinum
395 4224 524 4279 vicarium
547 4224 680 4295 rescripta
693 4222 968 4281 declarant:ddem·
1021 4225 1156 4282 immerito
1183 4225 1341 4283 Gallandius
1364 4234 1471 4282 acutam
1499 4225 1629 4283 llaeocbil
1654 4227 1820 4285 sententiaro

169 4333 229 4390 que
239 4316 338 4372 iaciunt
349 4317 527 4374 conciliorum
540 4317 723 4388 Aquileiensis
732 4325 760 4372 et
771 4317 888 4372 Romani
902 4332 969 4390 syn·
1021 4317 1172 4374 exosculari
1183 4319 1351 4375 censebitur.

170 4412 261 4469 odieee
276 4413 303 4467 in
316 4411 464 4483 appendice
486 4411 588 4467 codicis
601 4411 784 4467 Theodosiani
796 4410 888 4477 editae,
909 4426 970 4483 quse
1059 4409 1180 4467 Faustini
1207 4410 1288 4469 Fides
1312 4410 1456 4469 Theodosio
1475 4413 1628 4482 imperatori
1648 4413 1744 4469 otton.
1759 4413 1821 4471 Sor.

172 4517 204 4562 et
226 4506 339 4561 [ramoso
360 4504 542 4560 innocentiam
565 4503 803 4575 integritatemque
829 4518 905 4559 suam
927 4505 1055 4566 aelios
1081 4506 1215 4559 sententia
1243 4503 1386 4572 Quesneltii
1415 4504 1486 4561 inter
1514 4519 1602 4561 annos
1631 4520 1763 4562 cccxxxix
1794 4511 1824 4563 et

172 4594 970 4665 seruat,etl.lrsiniluroremacdolosnondissimolant.
1023 4610 1170 4664 cccxxtxt,
1197 4611 1251 4666 qun
1281 4605 1405 4668 tempore
1435 4595 1639 4669 Eletttberopoli
1663 4597 1825 4654 versabatur

176 4689 408 4750 buciierianorum
422 4700 512 4747 autem
528 4704 582 4745 non
597 4688 732 4757 disparem
753 4687 972 4745 inverecundiam
1024 4686 1182 4757 Faustinus,
1198 4688 1242 4744 ubi
1255 4697 1283 4745 et
1301 4688 1466 4761 exagitatum
1492 4704 1523 4745 se
1535 4691 1684 4760 queritura
1697 4688 1826 4767 Turbone

176 4795 260 4854 atque
273 4782 455 4844 insolentiam.
464 4781 581 4838 duorum
596 4796 629 4837 ex
641 4779 683 4835 liis
694 4781 916 4854 presbyterorum
931 4781 975 4837 bic
1026 4779 1099 4835 illius
1111 4779 1187 4835 uritis
1198 4780 1336 4850 episcopo.

174 4878 245 4936 libor
257 4875 378 4932 ostendit
389 4875 432 4931 :itt
444 4875 516 4948 quod
528 4889 581 4930 nou
593 4872 748 4930 'Fbeodosin
759 4876 846 4930 solutn
861 4882 976 4946 angusto
1064 4871 1186 4928 Faustini
1204 4873 1237 4927 de
1253 4872 1380 4929 Trinitate
1397 4873 1455 4930 sive
1474 4874 1506 4929 de
1525 4871 1595 4930 Fide
1608 4875 1827 4932 conttobrianos

174 4969 348 5026 traauatenta
374 4969 547 5039 suggestione
572 4965 725 5035 obrepunt;
741 4965 789 5022 sed
804 4964 975 5021 orthodoxos
1029 4963 1062 5019 ad
1074 4961 1228 5018 Flaccillam
1240 4948 1498 5036 imperatricemlibri
1509 4979 1613 5028 naseu
1625 4965 1689 5021 liber
1699 4964 1788 5038 potius
1799 4963 1828 5019 in

177 5061 332 5132 omnesqui
350 5059 532 5128 obsistebant,
549 5058 666 5124 canina,
685 5063 716 5112 ut
737 5057 916 5129 llieronymas
928 5072 976 5129 ap-
1028 5071 1065 5114 nrt
1079 5057 1166 5127 capita
1189 5057 1344 5113 distinctus.
1368 5057 1430 5114 Ser.
1451 5067 1515 5116 ante
1534 5075 1579 5116 au.
1595 5075 1748 5121 ccccxxxv.
1773 5071 1829 5128 quo

178 5152 279 5223 pellat,
292 5152 417 5208 Facundia
435 5165 485 5207 stra
504 5152 544 5208 sic
564 5151 758 5223 proscindunt,
780 5159 879 5206 utnon
898 5149 977 5206 dsiu·
1029 5150 1135 5208 scilicet
1161 5149 1318 5207 Flaccillam
1332 5151 1480 5208 Theodosii
1495 5152 1531 5210 bt.
1546 5156 1688 5225 coniugem
1712 5153 1829 5221 primam

177 5245 234 5302 turi
251 5246 324 5309 sint.
337 5245 385 5320 qui
398 5246 508 5318 publica
527 5245 589 5302 luce
608 5245 719 5317 dignum
740 5243 842 5301 idcirco
856 5260 909 5301 non
927 5259 976 5315 pu·
1028 5245 1101 5302 diem
1110 5244 1211 5302 obiisse
1220 5256 1337 5302 constat.
1354 5245 1485 5303 Faustino
1500 5246 1610 5304 disertis
1633 5243 1724 5301 verbis
1735 5243 1832 5303 tribuit

177 5348 246 5396 tent.
262 5339 304 5395 Fu
319 5354 400 5409 vero,
416 5340 515 5406 lector,
524 5347 553 5394 ot
564 5352 655 5410 spero,
671 5340 750 5396 aliter
763 5339 881 5406 settties,
894 5352 977 5410 reque
1030 5337 1188 5396 Gennadius
1199 5338 1255 5414 (d);
1268 5341 1375 5397 tametsi
1391 5354 1446 5396 non
1459 5337 1595 5398 deluerint
1609 5339 1754 5398 recentiori
1765 5350 1832 5397 aeta·

177 5456 184 5473 ’
229 5481 258 5551 a)
273 5477 384 5535 Prelat.
399 5477 433 5534 ad
446 5478 532 5537 libell.
549 5477 639 5549 Prec,
656 5479 671 5552 5
685 5480 718 5548 l,
732 5478 796 5536 inlr.
810 5493 872 5552 pag.
885 5477 952 5537 tte.
965 5453 1028 5479 ’ἒ
1068 5477 1110 5552 (d)
1126 5477 1165 5535 lie
1179 5477 1236 5563 Vir.
1249 5478 1362 5563 lllustn,
1375 5494 1437 5548 cap.
1450 5478 1496 5545 ll,
1509 5477 1561 5534 scri
1583 5479 1653 5564 sisse
1665 5480 1704 5537 ait
1716 5481 1751 5536 ad
1766 5470 1833 5538 Per-⁶

230 5551 258 5621 b)
272 5549 387 5618 iinon..
402 5550 436 5606 ad
449 5566 512 5607 ann.
527 5550 598 5618 eol,
616 5549 631 5624 p
648 5550 693 5607 tt.
1034 5566 1124 5605 somus
1134 5548 1271 5606 Flaccilla
1293 5565 1389 5623 regine
1402 5549 1540 5607 aduersam
1576 5567 1664 5609 nenos
1674 5561 1699 5610 et
1710 5551 1834 5610 Haemo·

175 5622 427 5768 Μειιξίοιοῑοιιι.
438 5621 473 5680 ud
495 5629 562 5681 tom·
576 5620 610 5679 tt
628 5620 698 5679 bibl.
714 5622 781 5693 Pr„
796 5635 857 5695 cap.
873 5621 903 5693 i,
915 5620 930 5695 ἦ
942 5622 980 5693 F,
1035 5623 1126 5678 manos
1136 5620 1214 5678 ditor
1226 5630 1332 5708 septem.
