3900 6134
137 210 193 271 283
833 212 1102 275 rnotmdttsttt.
1171 266 1174 272 .
1739 219 1795 283 9913

135 326 271 385 muniunt
288 342 295 383 s
317 323 356 385 sil
365 325 459 398 itaque
472 324 608 394 Liberius,
624 335 651 382 ut
662 327 751 384 autu
761 342 801 383 rua
813 343 873 384 ucrs
888 327 940 398 fiala
952 328 977 391 Α
991 338 1015 384 ct
1028 330 1187 400 eoemssopis
1200 332 1305 399 uostris,
1326 330 1448 399 Vulcme,
1473 334 1581 391 Ursocio
1603 313 1629 392 et
1648 336 1792 393 Gerraicus.

136 417 378 493 tamboanus,
391 420 744 487 elsrolcrtucuscomutssnis
758 418 938 490 Dentopbilss,
991 421 1066 477 lianc
1080 421 1171 493 itaque
1184 437 1236 480 nee
1249 423 1367 481 Hilarius
1381 440 1414 481 eo
1428 425 1489 482 ioco
1503 427 1645 497 exprimit,
1660 444 1712 485 nee
1724 444 1738 483 a
1750 428 1796 485 lsi·

134 515 180 586 gui
194 513 317 585 dignantur
330 522 367 568 est
380 528 429 586 pro
442 528 490 567 ssa
501 513 673 567 benevolentia
686 513 765 583 fidem
788 523 897 568 uestram
914 524 939 568 et
992 515 1068 571 berio
1081 527 1234 587 susceptam
1247 519 1382 575 exsecrari
1396 519 1496 588 potuit,
1512 521 1560 575 sed
1575 520 1702 576 alteram.

135 607 450 680 eulbolicantecponere,
466 604 655 678 gateSirnsiio
676 607 794 679 pluribus
816 606 939 678 [rutubus
1026 608 1145 675 Deinde,
1171 610 1193 664 si
1217 621 1290 664 recte
1312 611 1452 677 advertas,
1479 611 1540 667 idei
1564 627 1644 682 quam
1667 613 1793 672 Liberius

135 712 162 756 et
175 701 332 771 coepiscopis
343 701 437 756 uostris
448 709 569 764 tractata,
583 701 699 770 eaposits
714 710 736 755 et
749 712 868 770 suscepto
881 709 939 757 est:
990 711 1147 772 susceperat
1163 702 1383 768 coxsscribeudac,
1398 719 1484 773 neque
1498 703 1625 770 Husium,
1642 720 1730 775 tueque
1741 706 1793 764 eo-

136 795 172 852 ad
186 811 217 851 ea
231 810 294 851 vero
307 794 426 852 Hilarius
442 795 514 852 illico
529 794 588 849 bac
598 793 711 849 adnotat
726 812 732 849 :
750 793 812 850 ttae
826 803 862 848 ess
880 810 939 866 per-
991 796 1114 857 lamium,
1128 809 1217 864 raeque
1230 794 1398 851 Herminium
1413 809 1561 864 presentes
1574 796 1659 853 luisse
1675 798 1792 857 Hilarius

138 888 204 959 pidia
216 885 312 943 msto
326 885 376 960 (a).
395 883 573 943 sirmiensem
593 885 702 958 itaque,
719 902 798 957 qttam
815 885 939 941 Liberius
990 885 1037 939 ait.
1054 883 1111 940 Cur
1129 901 1193 942 uero
1211 901 1259 942 eos
1274 888 1444 953 reticuisset,
1461 889 1483 942 si
1498 889 1644 945 seeuxtdam
1660 890 1792 949 Sirmien-

137 987 294 1050 susceperat
308 979 402 1044 iidem,
416 978 551 1045 Hilarius,
565 988 593 1034 ut
605 979 682 1033 vides
695 978 832 1051 perfidiam
842 986 937 1033 uocat:
990 992 1046 1032 sem
1060 976 1206 1034 lorxttnlatn
1220 994 1254 1035 eo
1275 980 1335 1034 ioco
1345 982 1515 1050 exagitaret,
1530 995 1610 1050 otram
1626 982 1688 1036 alibi
1701 984 1735 1038 ab
1757 984 1791 1045 iis

134 1080 163 1127 at
174 1086 236 1143 gatae
251 1071 363 1142 perfidia
377 1071 430 1128 irase
444 1070 505 1128 loeo
517 1071 618 1130 Hilario
631 1079 691 1138 est,
704 1070 863 1128 Sirxaxiensis
874 1086 936 1136 una,
989 1074 1169 1142 cosxscriptam
1183 1074 1244 1129 aitl
1256 1072 1344 1134 Aliam
1357 1073 1449 1145 itaque
1459 1084 1522 1131 tuuc
1533 1074 1728 1145 designaverit,
1743 1093 1792 1135 ne·

133 1176 165 1221 ut
179 1165 318 1234 vidimus,
337 1175 431 1223 coxttra
454 1165 600 1222 Pitotinum
617 1166 684 1223 iides
698 1176 757 1230 est;
780 1165 850 1222 bane
864 1167 936 1221 enim
989 1179 1065 1220 cesse
1078 1176 1140 1230 est,
1156 1165 1334 1222 sirmiensem
1347 1167 1453 1222 scilieet
1470 1167 1569 1222 editam
1585 1177 1678 1223 eontra
1698 1168 1792 1227 Photi-

132 1256 181 1317 ille
195 1270 369 1328 exsecratur,
394 1262 466 1317 ltaste
479 1275 541 1317 ctam
560 1260 670 1317 Nicana
694 1268 851 1332 comparat,
867 1259 937 1316 itanc
989 1273 1071 1324 nutn,
1087 1258 1131 1311 eui
1147 1257 1237 1313 nullus
1251 1273 1284 1314 ex
1300 1258 1333 1314 iis
1347 1257 1433 1319 adluit
1448 1270 1564 1329 :geotttra
1580 1275 1644 1315 uero
1660 1261 1791 1319 Sirmien-

132 1354 221 1424 ipsam
233 1351 342 1410 Liberio
358 1353 519 1425 exprobrat;
532 1369 592 1409 eam
604 1353 694 1424 itaque
705 1352 830 1408 Liberius
843 1366 937 1408 susce·
988 1350 1010 1404 si
1020 1389 1027 1410 ,
1039 1365 1118 1419 trusam
1128 1349 1252 1406 Liberius
1262 1360 1435 1420 susceperat,
1449 1353 1566 1422 pertidia
1574 1354 1790 1422 coxtseribende,

132 1456 222 1517 perat,
239 1446 343 1503 Hilario
352 1455 432 1504 teste.
456 1447 495 1502 dd
517 1446 576 1503 baec
598 1448 680 1519 igitur
694 1447 807 1504 minitue
821 1448 938 1504 advertit
989 1441 1166 1507 litandorum,
1187 1441 1331 1512 basiliam,
1349 1453 1372 1498 et
1395 1444 1562 1507 ix'atloaians,
1586 1445 1656 1502 idem
1672 1446 1791 1505 Hilarius

131 1539 268 1604 anianum,
281 1539 328 1610 qui
341 1539 416 1610 prior
431 1539 526 1596 Hilarii
541 1539 689 1611 fragmenta
703 1540 729 1594 in
745 1541 832 1595 iucem
844 1549 937 1611 protu-
987 1536 1106 1594 adfuisse
1122 1538 1220 1594 asserit
1234 1557 1241 1594 :
1254 1548 1297 1606 at,
1310 1538 1332 1593 si
1346 1538 1380 1595 de
1391 1537 1532 1596 Sirmiensi
1546 1541 1664 1596 seetxnda
1675 1542 1793 1598 lormuis

132 1631 178 1698 lit,
194 1630 236 1688 ric
250 1629 425 1688 doctissimus
443 1631 570 1690 Nicolaus
592 1631 699 1697 Faber,
722 1640 751 1687 el
767 1629 790 1687 si
806 1632 850 1701 utri
873 1640 937 1687 sum
989 1629 1046 1685 itaec
1065 1631 1214 1701 intelliges,
1230 1629 1374 1686 falsissima
1391 1640 1474 1698 sunt;
1499 1633 1631 1702 siquidem
1649 1634 1721 1704 prior
1733 1635 1789 1704 jass

131 1723 196 1791 alii,
212 1724 257 1796 qui
279 1725 313 1781 iis
327 1723 421 1780 Hilarii
444 1725 553 1792 serbis,
577 1724 723 1781 secundam
741 1723 857 1794 exprinti
873 1722 933 1780 Sir·
949 1716 1112 1792 Bobierat,
1130 1724 1175 1779 ulii
1190 1740 1257 1780 uero
1269 1726 1323 1780 duo
1337 1724 1416 1796 longe
1427 1727 1559 1781 aberant:
1576 1725 1634 1782 iure
1646 1728 1790 1785 xxtaniiesto

133 1817 264 1872 roiensem
281 1815 425 1872 lormulam
440 1825 554 1887 putant:
576 1831 610 1872 an
626 1831 692 1872 uero
716 1815 760 1872 ille
781 1831 841 1871 cans
862 1815 935 1871 desi·
987 1826 1113 1873 constant
1124 1833 1159 1873 ex
1170 1817 1361 1883 Theodoram,
1378 1817 1550 1881 sozomeno,
1570 1826 1600 1873 et
1614 1819 1788 1888 Epiplxauio,

133 1922 215 1981 gnare
227 1907 279 1967 boc
293 1907 353 1964 ioco
370 1907 471 1979 putuit,
486 1906 520 1965 de
531 1924 582 1981 qua
596 1922 682 1979 ireque
693 1924 754 1965 cusu
768 1907 937 1964 haeseritis·
987 1926 1055 1982 quos
1070 1911 1155 1966 lector
1169 1912 1311 1967 costsulere
1335 1911 1393 1980 ipse
1417 1909 1516 1979 poterit
1539 1909 1594 1981 (b),
1619 1925 1650 1966 ae
1674 1911 1788 1966 Peterin

136 2011 193 2070 ret,
208 2017 293 2074 neque
307 2009 365 2057 toto
379 2000 591 2074 fragmentorum
608 2016 707 2073 opere,
728 2009 774 2059 aut
789 2015 870 2071 agere
886 2015 936 2055 un·
988 2014 1117 2075 praeterea
1144 2006 1169 2058 in
1195 2004 1430 2060 dissertationibus
1455 2005 1488 2059 de
1513 2003 1656 2061 Sirndensi
1681 2003 1788 2076 synodo

135 2110 216 2166 quarn
226 2137 234 2160 ,
246 2106 293 2152 aut
308 2111 343 2152 ne
351 2095 473 2167 cogitare
487 2095 595 2167 quidem
612 2097 685 2150 uisus
697 2094 758 2149 esti
771 2093 869 2150 ilerum
885 2108 935 2150 nec
986 2109 1080 2153 cotnra
1096 2094 1251 2151 Plautinum.
1268 2094 1325 2151 line
1345 2095 1433 2163 ipsum
1448 2095 1482 2149 de
1498 2094 1624 2149 Narcisso
1645 2104 1674 2150 es
1688 2095 1790 2151 Cecro-

133 2187 280 2258 optimam,
295 2199 325 2244 ut
339 2186 404 2243 mibi
418 2187 543 2256 uidetur,
559 2188 618 2257 eius
632 2186 768 2257 pontilicis
789 2187 823 2240 ab
838 2186 935 2242 heresi
988 2188 1031 2257 pio
1046 2185 1175 2242 aidrmari
1188 2185 1259 2242 inste
1274 2192 1368 2255 posset
1380 2203 1387 2239 :
1401 2184 1472 2240 butte
1487 2187 1559 2243 etsim
1575 2187 1646 2241 inter
1660 2200 1709 2242 eos
1721 2185 1790 2256 legi·

133 2281 283 2337 extricandi
294 2282 427 2336 rationem
439 2282 547 2344 ineunt,
562 2281 607 2347 uni
619 2277 767 2334 easHilarii
780 2278 935 2349 interjectas
987 2295 1062 2344 nxtts,
1078 2295 1147 2349 ouxxs
1161 2278 1294 2349 Georgius
1305 2278 1474 2334 Laodicenos
1490 2278 1604 2347 epistula
1618 2293 1666 2334 sua
1683 2279 1788 2335 exeita·

132 2378 343 2447 ennarrationes,
372 2390 422 2449 pro
449 2373 614 2441 adscititiis,
644 2373 822 2437 adulterinis,
854 2379 935 2442 atoue
986 2374 1091 2438 bat,ut
1105 2372 1383 2441 lidei,Euduxii‚et
1397 2375 1468 2428 detii
1481 2372 1575 2429 iraude
1593 2373 1715 2441 pereunti
1730 2388 1789 2429 ma·

131 2468 219 2525 aliena
233 2483 318 2525 manu
337 2466 577 2530 insertisbabent;
593 2463 727 2534 siquidem
742 2478 803 2519 cam
827 2461 933 2518 illaad
987 2473 1047 2521 ture
1062 2475 1233 2522 succurreret
1256 2465 1305 2537 (e).
1326 2465 1402 2524 Alter
1417 2480 1481 2521 xero
1502 2467 1528 2522 in
1551 2466 1617 2522 sede
1639 2481 1688 2521 sua
1710 2476 1788 2523 tran-

130 2559 332 2626 sirmiensem,
355 2574 436 2628 uuam
455 2559 500 2613 bie
522 2554 643 2628 pontiiex
664 2560 822 2624 susceperat
834 2553 932 2621 utem,
985 2561 1094 2630 attilium
1111 2560 1208 2631 agebat
1223 2560 1321 2627 uitam,
1347 2576 1408 2617 cum
1422 2560 1515 2616 Basilii
1530 2545 1667 2631 dstepranl
1681 2576 1787 2632 opera,

131 2666 183 2708 nos
193 2653 273 2723 qnasi
286 2667 368 2709 mrtstu
380 2651 496 2716 ducam,
509 2664 618 2706 musam
631 2648 700 2703 hanc
720 2662 768 2716 pro
789 2661 824 2703 co
846 2647 934 2715 potius
985 2667 1016 2706 ae
1031 2652 1204 2721 lsstperatoris
1216 2652 1294 2721 jussu
1308 2651 1452 2708 haereticos
1464 2651 1526 2708 illos
1539 2651 1681 2706 Antiochia
1696 2652 1789 2722 pulsos

129 2739 500 2801 cantreciacensem
513 2755 578 2798 veto
591 2738 661 2795 idern
674 2738 935 2794 HilarinsSirmien·
986 2744 1068 2800 titisse
1082 2744 1216 2799 intellexit
1229 2743 1281 2814 (a).
1296 2743 1377 2798 Fides
1392 2742 1437 2798 illa
1453 2751 1609 2812 postremo,
1624 2757 1703 2812 uttam
1721 2758 1790 2814 pon-

130 2849 189 2893 seus
201 2844 296 2893 contro
309 2834 454 2891 Plautinum
465 2832 546 2888 isdem
557 2872 565 2897 ,
578 2845 658 2901 quam
671 2832 696 2883 in
714 2829 783 2884 libro
797 2828 831 2895 de
843 2827 933 2899 Syno-
984 2835 1049 2892 tiier
1072 2836 1251 2904 probaverat,
1275 2851 1308 2891 ac
1332 2835 1450 2890 Hilarius
1474 2836 1609 2904 perfidiam
1633 2845 1729 2903 voeat,
1753 2837 1789 2897 ab

130 2928 175 2986 dis
185 2926 346 2986 catholicam
359 2925 464 2981 censuit
474 2965 482 2991 ,
494 2923 619 2978 danuam
632 2921 770 2990 perfidiam
785 2920 828 2975 ¹¹5⁰
842 2927 930 2986 ww,
986 2927 1159 2983 densitatibus
1174 2927 1328 2999 catuseripta
1344 2927 1445 2994 luerat,
1460 2926 1506 2997 qai
1519 2927 1646 2984 Sirmium
1662 2942 1789 2986 accesse-

130 3021 220 3078 dicam
240 3020 304 3077 alibi
327 3039 333 3074 :
349 3034 420 3075 ntttte
432 3019 505 3076 enim
526 3032 584 3072 rem
608 3015 678 3071 barte
690 3015 750 3070 aliis
763 3014 932 3086 argumentis
984 3029 1044 3074 rant
1059 3020 1167 3076 Plautini
1177 3019 1323 3090 dejiciendi
1338 3022 1446 3089 speeie,
1462 3030 1489 3073 at
1503 3036 1612 3088 reuera,
1627 3030 1656 3076 ut
1672 3018 1790 3074 Athana·

128 3112 296 3169 confirmare
308 3125 400 3185 pergo.
943 3107 966 3170 C
984 3115 1053 3170 sium
1070 3117 1167 3171 iterum
1184 3118 1248 3170 sede
1263 3115 1416 3185 pellerent,
1431 3130 1461 3169 ao
1476 3114 1613 3170 Nieanam
1627 3114 1644 3169 l
1646 3114 1709 3170 dem
1722 3128 1787 3171 cott-

127 3225 248 3290 51η.-
217 3224 322 3276 -ltenx
338 3221 760 3275 Hilariiteslimooisextenduntur
778 3232 823 3283 pro
840 3219 934 3270 conut-
984 3207 1126 3263 uellerent.
1140 3208 1366 3264 AtSirtuicnsis
1362 3206 1604 3263 eeundalurmula
1628 3205 1789 3261 solisOcci-

162 3283 721 3350 ΨΜ3ΠΜΜΜΜΙῘ)““ΜΜΡΜ
984 3301 1136 3356 dentalibus
1150 3311 1240 3357 ortum
1263 3300 1375 3356 debet·
1397 3299 1459 3354 hinc
1481 3297 1619 3354 Eudoxias
1640 3299 1732 3355 statim
1755 3313 1789 3356 ac

169 3393 208 3447 Es
229 3392 323 3448 eadem
344 3392 425 3462 tgxtur
440 3390 571 3463 epistola
586 3389 667 3445 isdem
682 3388 754 3442 dlatn
768 3397 933 3459 praetereas
984 3391 1108 3446 illamab
1129 3391 1213 3447 Hosio
1235 3390 1476 3462 probatatnluisse
1504 3389 1651 3456 intellexit,
1677 3389 1788 3447 Ursas-io

126 3484 249 3557 pluribus
266 3482 394 3542 iratribus
407 3489 436 3538 et
446 3480 613 3552 corepiscopis
627 3489 776 3547 tractatam,
790 3489 814 3535 'ct
828 3481 932 3549 esposi-
984 3494 1011 3540 et
1026 3483 1131 3540 Valenti
1146 3485 1249 3554 gratias
1263 3484 1335 3554 egit,
1350 3484 1421 3554 quud
1436 3496 1530 3539 eurum
1545 3483 1697 3540 ministeriu
1711 3481 1788 3536 Occi·

126 3587 184 3632 tsss
197 3576 283 3633 luisse
302 3576 488 3646 intelligimus.
508 3575 565 3632 Huc
585 3575 672 3643 ipsum
697 3573 814 3632 Hilarius
834 3571 933 3628 conlit-
984 3580 1097 3633 derttoler
1119 3587 1193 3635 recte
1216 3580 1319 3633 sentire
1333 3587 1472 3647 eoeperant
1487 3577 1535 3650 (e).
1554 3577 1619 3633 Earn
1635 3577 1725 3647 itaque
1741 3575 1787 3632 lli·

126 3677 205 3739 mat,
221 3670 366 3741 episcopus
385 3668 454 3724 duos
475 3681 556 3739 supra
574 3667 669 3738 viginti
683 3680 847 3721 etnnuerans
870 3664 933 3720 ltuic
984 3671 1086 3736 larius,
1108 3685 1158 3725 trec
1181 3669 1214 3725 iis
1228 3669 1480 3740 uerbis-exprimit,
1502 3683 1552 3724 nee
1575 3669 1601 3724 in
1624 3675 1715 3724 mente
1739 3667 1788 3725 lta·

125 3763 333 3823 conscribendae
346 3770 504 3836 presentes.
518 3760 667 3816 Psnrtoma
682 3768 768 3812 nutem
782 3758 853 3828 opud
874 3755 933 3812 Sir·
983 3763 1075 3819 baisse
1088 3761 1174 3820 rideri
1189 3770 1288 3832 potest.

126 3861 210 3915 urium
225 3857 397 3930 descriptam,
418 3871 496 3928 quant
517 3855 580 3910 dicit
599 3852 717 3908 Liberius
739 3852 892 3907 catltob'com
915 3867 932 3906 u
1020 3854 1107 3912 Unum
1124 3854 1218 3920 uideo,
1233 3855 1304 3926 qttod
1317 3853 1387 3911 lorle
1402 3853 1501 3923 opponi
1517 3853 1620 3924 possit,
1635 3866 1697 3908 esse
1710 3850 1785 3907 scili·

126 3951 286 4021 Darnopbilo
301 3949 348 4004 sibi
361 3948 516 4020 expositam,
533 3947 559 4002 lsi
572 3958 631 4001 rum
646 3946 690 4016 qui
704 3945 932 4015 conscripserunt:
983 3956 1045 4010 cet,
1070 3957 1168 4016 praeter
1181 3945 1255 4001 illam
1271 3962 1332 4016 (purae
1358 3945 1502 4002 Pitutinum
1525 3944 1644 4015 dejecit,
1667 3960 1699 3999 ac
1721 3943 1787 4000 scde

127 4043 290 4111 Narcissus,
316 4040 484 4107 Tlteotlorus,
507 4039 636 4106 Basilius,
664 4038 817 4105 Eudoxias,
838 4036 933 4093 Denso·
984 4038 1103 4108 expulit,
1120 4037 1200 4092 aliam
1214 4038 1391 4093 Sinniensent
1411 4037 1544 4109 synodum
1561 4052 1632 4092 anno
1646 4036 1700 4093 stu
1719 4051 1786 4091 con·

126 4138 234 4209 pbilas,
250 4134 404 4205 Cecropius,
422 4134 561 4201 Sdsauus,
578 4132 717 4200 Hrsneiar,
733 4131 843 4197 l'alexu,
862 4131 933 4186 an·
983 4140 1161 4202 gregatam,a
1175 4130 1786 4201 PetaxioetCoustantiointemeratam,uttatn·

125 4231 219 4302 prius,
233 4226 381 4299 Hutcnt'us,
394 4226 606 4295 Eaaperautius,
622 4223 807 4287 Terentianus,
822 4221 929 4292 Bassus,
983 4237 1063 4294 quam
1072 4220 1181 4279 Petusio
1194 4221 1621 4279 OccidentaliumCatltolicorum
1632 4263 1640 4290 ,
1653 4220 1787 4276 Cuttsitttt-

126 4316 310 4385 Gaudcrtttus,
335 4316 520 4383 bloccdous'as,
543 4315 665 4383 Marcus,
691 4314 797 4382 Actias,
822 4313 929 4384 lulius,
983 4315 1020 4369 tio
1035 4330 1116 4381 sero,
1131 4331 1162 4372 ao
1174 4315 1532 4387 nuperoecclesiasticorum
1544 4325 1683 4370 auetnrnm
1694 4314 1787 4370 ilisto-

126 4411 283 4478 Ssseriaus,
300 4412 451 4482 Simplicius
464 4421 487 4465 et
501 4409 608 4478 iunior,
623 4424 710 4464 estraes
726 4408 929 4472 laterensibus,
983 4409 1030 4463 riae
1042 4407 1173 4477 Scriptori
1185 4451 1192 4476 ,
1205 4407 1368 4464 Arianorum
1380 4408 1559 4463 Orientalium
1578 4409 1633 4464 sit:
1649 4409 1714 4474 Eius
1736 4408 1786 4477 igi·

125 4504 262 4561 maican
273 4502 391 4558 Baronio
402 4503 544 4558 mensurati
555 4502 621 4556 alios
636 4501 717 4556 etiam
730 4498 848 4556 adfuisse
861 4498 931 4554 indi-
945 4501 969 4562 Ι)
983 4507 1026 4555 tur
1036 4515 1097 4556 esse
1107 4501 1237 4569 scriptum
1251 4499 1303 4555 isne
1313 4499 1346 4554 de
1356 4500 1409 4554 lade
1418 4498 1571 4565 decretum,
1581 4498 1653 4569 quaid
1665 4497 1785 4557 Hilarius

125 4607 209 4662 eant,
232 4605 260 4652 at
273 4595 451 4652 Sirmiensem
469 4594 614 4650 secundam
626 4591 768 4648 lormulam
791 4601 845 4647 tres
860 4591 930 4648 dun·
981 4595 1078 4650 recitat
1091 4593 1134 4650 isis
1148 4593 1238 4649 verilis
1253 4607 1413 4661 expiressum
1427 4610 1434 4645 :
1450 4591 1607 4661 Profitctuar
1629 4590 1695 4645 euim
1718 4590 1784 4647 ita:

125 4699 204 4751 laxat
217 4690 359 4762 episcopos
371 4690 513 4747 Ursacium
526 4688 641 4756 scilicet,
655 4686 808 4753 Valentem,
822 4695 849 4742 et
862 4686 933 4743 Ger-
983 4685 1069 4742 duam
1083 4687 1185 4759 quidem
1200 4687 1340 4759 ingenitum
1359 4701 1412 4741 essc
1425 4682 1509 4739 Dcunt
1523 4683 1647 4750 Pnlrcm,
1662 4695 1687 4740 et
1704 4701 1784 4739 utrum

125 4782 259 4847 minium;
274 4781 298 4837 si
313 4781 536 4838 ueroPotamium
552 4790 580 4836 et
591 4780 701 4835 liosium
714 4779 814 4834 addere
830 4779 930 4847 placet,
980 4784 1085 4838 atticum
1099 4786 1155 4853 ejus
1169 4782 1284 4848 Filium,
1302 4781 1384 4838 Deum
1398 4799 1429 4836 ca
1448 4780 1521 4846 Deo,
1546 4779 1631 4836 luascu
1645 4797 1676 4836 ea
1689 4779 1785 4836 lutatius

124 4872 161 4929 ad
173 4889 310 4930 sumntum
325 4875 444 4946 utrinque
455 4873 652 4943 conscripsisse
664 4882 771 4927 cottstat
786 4888 793 4925 ι
810 4870 930 4928 lidarius
982 4878 1177 4948 primogenitam
1202 4878 1286 4933 omnis
1310 4876 1440 4931 creaturae
1451 4919 1459 4943 ,
1472 4886 1508 4930 ‚et
1534 4877 1636 4932 tertiam
1661 4875 1784 4933 addeutas

126 4966 252 5037 prolecto
271 4983 320 5023 eos
331 4969 470 5024 dutrttaxat
488 4969 588 5039 ubique
608 4966 754 5034 exprimit,
771 4980 858 5037 neque
881 4981 948 5021 un··
982 4970 1110 5040 Spiritum
1126 4983 1242 5026 sonetum
1260 4969 1308 5042 (l).
1329 4971 1501 5042 Proindeqne
1517 4971 1590 5025 illam
1606 4986 1687 5041 uttam
1704 4969 1783 5025 Libe-

127 5076 209 5133 quam
227 5062 338 5132 plures:
355 5063 408 5118 irae
430 5061 517 5133 ipsum
541 5071 673 5132 praeterea
692 5058 788 5115 easdem
810 5056 929 5113 formula
982 5065 1038 5120 rius
1050 5065 1184 5134 suscepit,
1197 5065 1278 5120 fldem
1289 5065 1470 5137 cottscriptam
1482 5064 1516 5119 alx
1531 5065 1580 5119 ltac
1591 5062 1695 5133 synodo
1708 5075 1780 5128 esse,

127 5155 173 5212 his
192 5156 285 5215 serbis
305 5155 404 5212 indicat
420 5174 427 5210 :
445 5155 509 5209 Cam
528 5154 653 5210 mactilla
669 5165 803 5225 putaretur
822 5168 875 5208 esse
898 5152 930 5211 dc
981 5166 1061 5226 atuxte
1072 5157 1105 5212 ab
1119 5158 1151 5213 iis
1165 5158 1319 5228 episeopis,
1334 5174 1402 5228 nuos
1424 5158 1471 5214 ille
1484 5156 1621 5226 exprimit.
1637 5152 1780 5218 Proiecto,

129 5252 184 5322 pide
194 5250 345 5324 disceptatio
356 5292 363 5319 ,
376 5250 512 5324 diligenter
532 5250 619 5304 ontnia
633 5250 705 5320 apati
720 5248 845 5304 Sinnium
860 5258 930 5302 trae·
980 5249 1051 5320 quaid
1066 5252 1162 5306 attinet
1177 5250 1210 5306 ad
1234 5251 1285 5307 hoc
1299 5251 1448 5308 sirmiense
1466 5249 1631 5310 concilium,
1655 5245 1780 5304 Petaxius

130 5354 185 5399 uta
196 5354 257 5400 sant
268 5353 291 5400 et
303 5345 435 5411 discusso,
451 5342 616 5414 presentibus
627 5344 795 5400 sanctissimis
806 5343 929 5412 [ratribus
982 5359 1094 5417 magnos
1105 5345 1276 5402 adversarios
1291 5346 1399 5402 habet
1393 5363 1399 5375 ·
1423 5359 1516 5400 uerum
1531 5339 1661 5423 quidquid
1681 5339 1781 5397 deltae

128 5504 206 5636 n(ol
225 5504 303 5577 Apud
326 5505 420 5563 coust.
437 5504 516 5578 epist.
532 5506 584 5574 il,
608 5514 636 5564 et
658 5505 743 5563 Hilar.
768 5505 864 5585 lragm
889 5504 927 5587 b,
1017 5503 1393 5648 (⁶380aom.,lib.rv,eap
1396 5501 1462 5559 Ab.

1029 5579 1046 5630 d
1076 5575 1180 5632 Philnsl
1226 5574 1263 5633 lib
1289 5591 1348 5643 xttt,
1362 5589 1422 5647 cap.
1440 5573 1484 5632 td.

128 5579 204 5724 n(l)
222 5578 284 5709 v'td
300 5649 457 5717 theodor..
471 5650 519 5711 tib.
533 5661 552 5710 u
562 5662 644 5735 ..etp
659 5649 712 5736 ης
728 5648 837 5726 borum
846 5646 924 5722 lb·
1017 5578 1054 5718 (a)
1076 5651 1198 5722 sozom,
1213 5653 1261 5713 lib
1276 5671 1320 5724 u,
1333 5672 1394 5725 cao
1410 5654 1454 5716 ts

127 5736 270 5807 sheep.
259 5724 311 5787 lb·
305 5723 447 5807 ,.Epipb
461 5723 528 5786 lter.
544 5725 590 5805 lb
1030 5725 1053 5799 ll
1073 5724 1158 5786 Hilar.
1175 5696 1244 5826 ling
1259 5729 1331 5839 aa.
1343 5730 1419 5843 ii.
