3900 6134
132 243 185 306 865
478 241 488 258 ⁰
670 238 739 306 PRO
758 236 893 307 SANCTO
912 240 1110 308 ATlthhSiO
1130 240 1196 308 lte.
1217 242 1239 307 l.
1524 309 1528 315 ,
1724 247 1777 311 idi

130 381 212 420 cerem
227 366 401 433 tenebrarum,
418 364 463 439 qui
474 364 746 423 inciamscastodiunt
756 373 768 402 ι
780 365 849 434 filies
862 375 929 430 titos,
945 379 971 438 Α
986 364 1085 420 verrini
1100 363 1153 420 nisi
1169 374 1199 421 ut
1210 363 1351 422 crederem
1363 405 1370 430 ,
1384 363 1445 429 quia
1468 379 1530 422 cum
1546 375 1574 424 tu
1595 383 1638 425 me
1654 383 1779 439 premere

130 473 177 529 per
193 473 256 526 quos
283 459 423 528 incipiebat
449 461 629 532 incorreptum
658 456 721 531 ieqis
744 456 832 512 lumen
844 456 930 513 aitteb
982 467 1115 528 tentares,
1132 458 1204 516 Deus
1219 473 1295 516 mens
1308 458 1379 531 quod
1394 458 1435 514 sic
1451 460 1596 531 potuisset,
1611 459 1663 517 uisi
1678 472 1704 516 te
1714 476 1781 518 cou-

130 552 247 609 omuiins
258 553 317 608 duri
329 553 406 626 (Sep.
420 570 498 621 stru,
507 552 548 627 ι).
561 555 603 610 tln
617 551 729 624 negabis
739 550 784 606 hei
795 549 931 608 antistites
982 554 1126 621 vertisses,
1140 554 1333 627 exstinquere.
1344 552 1481 625 quontodo
1495 553 1676 622 Pharaonem,
1697 563 1724 611 ιι
1738 569 1783 612 nne

130 645 492 701 retentareeinctaustnist
507 645 615 701 Etcum
630 642 798 701 esdetinens
813 658 930 715 uepres·
982 647 1054 722 quod
1071 648 1111 705 sic
1132 646 1229 705 luisset
1255 656 1401 719 erepturus
1425 646 1461 703 de
1484 647 1611 704 manibus
1632 648 1697 715 tuis,
1713 662 1783 717 quo-

129 737 253 796 dicemus
266 749 340 797 oerte
355 738 404 797 Dei
418 740 519 833 popqlo
534 740 689 805 ueritatem,
704 753 753 795 cur
766 754 817 796 nos
828 737 930 795 retines
982 738 1064 796 modo
1076 749 1104 796 et
1117 739 1179 795 illos
1190 739 1224 795 de
1235 738 1388 796 Pharaonis
1402 747 1548 811 potestate.
1561 738 1666 796 idcirco
1679 739 1783 798 etenim

130 830 159 888 in
171 822 304 890 carcerei
322 847 372 889 cur
386 831 471 888 mittis
485 831 520 887 ad
534 831 648 888 exsiliat
670 830 722 886 nisi
745 829 810 901 quia
823 833 862 884 ιιι
873 844 931 886 me-
982 833 1049 890 dieit
1059 832 1094 888 ad
1109 832 1232 904 singulas
1246 833 1379 898 virtutes,
1405 830 1529 903 qnoniam
1542 832 1570 886 in
1591 834 1719 888 secutam
1733 833 1782 888 mi·

130 934 211 982 tuens
225 943 260 983 ne
274 941 322 981 tos
338 925 417 997 lupos
432 926 569 994 ernanus,
586 939 699 997 rapaces
711 938 797 981 canes
819 923 930 980 rabido·
981 925 1125 983 sericmdio
1136 929 1207 1000 ejus,
1220 935 1250 980 ut
1270 924 1338 981 mihi
1361 925 1482 996 aperiret
1499 925 1650 997 ,quoniam
1672 925 1782 985 Domini

131 1035 176 1077 sos
189 1017 293 1092 datque
305 1019 485 1077 antichristos
505 1035 567 1077 esse
582 1019 716 1091 temporis
726 1017 823 1081 nostri,
839 1015 928 1073 mani·
981 1017 1171 1076 misericordia
1185 1032 1294 1075 meeum
1319 1016 1356 1073 sit
1370 1032 1480 1098 semper
1499 1033 1678 1089 permanens,
1695 1021 1741 1089 qui
1755 1017 1781 1076 ei

130 1111 262 1167 testemus
278 1111 368 1168 sacris
380 1109 569 1168 revelantibus
581 1108 736 1182 scripturis.
750 1109 844 1166 Sacrae
858 1107 930 1165 enim
981 1121 1086 1170 mutum
1100 1113 1153 1170 sim
1169 1113 1315 1179 seruiens,
1331 1120 1421 1168 tecum
1436 1125 1503 1168 uero
1524 1124 1585 1169 esse
1607 1127 1662 1168 nou
1682 1127 1779 1184 posse,

99 1271 108 1282 ,
126 1201 273 1274 scripture
287 1204 405 1274 prohnnt
420 1218 468 1259 ros
482 1218 516 1258 es
540 1202 647 1259 actibus
671 1202 771 1259 restris
793 1216 847 1257 non
867 1214 931 1260 esse
981 1206 1044 1276 quia
1058 1204 1188 1263 videlicet
1210 1204 1338 1261 iuimicus
1360 1204 1435 1261 illius
1449 1204 1512 1272 sis,
1533 1204 1672 1276 quomodo
1686 1204 1737 1261 init
1752 1213 1781 1263 et

129 1296 177 1352 liei
192 1311 298 1363 servos,
310 1294 358 1352 sed
374 1296 455 1367 plane
468 1296 539 1354 itlius
559 1295 672 1353 diaboli.
693 1295 721 1353 si
738 1295 811 1353 enim
829 1311 883 1351 non
898 1309 930 1353 es
979 1297 1096 1354 Pherae.
1112 1296 1256 1353 Noluimus
1267 1297 1399 1353 damnare
1409 1298 1550 1353 absentem
1565 1313 1573 1363 ;
1596 1297 1735 1354 noluimus
1750 1297 1779 1356 ln

127 1402 202 1445 unus
220 1404 255 1446 ex
282 1387 357 1455 illis,
386 1403 456 1460 quos
477 1389 548 1446 tales
573 1387 679 1445 loturos
705 1403 790 1444 sacrae
810 1388 931 1445 clamant
980 1408 1042 1450 eum
1057 1406 1138 1466 quem
1151 1392 1253 1447 scimus
1268 1392 1492 1456 innocentem,et
1511 1389 1539 1446 in
1555 1405 1617 1446 eum
1630 1406 1712 1462 quem
1727 1404 1779 1449 no·

126 1481 285 1552 scripturae.
297 1497 359 1538 cnm
370 1483 501 1555 scriptum
513 1481 655 1539 inueneris
668 1483 693 1539 in
705 1497 787 1538 cxxxi
808 1482 927 1553 psalmo:
981 1487 1071 1543 rimus
1084 1485 1228 1544 catholice
1244 1484 1306 1542 idei
1320 1484 1549 1556 predicatorem,
1562 1483 1631 1541 dare
1641 1483 1717 1556 juxta
1732 1484 1782 1542 de·

128 1574 355 1650 Serpeilomine,
370 1577 523 1649 inrequiem
536 1588 658 1647 tuum,ttt
670 1589 769 1635 eterra
781 1581 929 1650 seretiqica-
980 1581 1112 1638 siderium
1124 1592 1201 1637 tuum
1225 1579 1401 1636 senteutiam.
1416 1577 1525 1647 Quare?
1550 1580 1614 1650 qnia
1628 1594 1680 1636 nos
1690 1579 1780 1638 chris-
1886 1607 1893 1620 ·

127 1670 206 1726 tionis
229 1679 296 1726 tue:
317 1671 464 1727 sacedotes
492 1673 530 1727 tui
554 1672 700 1728 induantur
717 1674 850 1748 justitiam
865 1671 926 1746 (Pa.
978 1674 1047 1730 tiatti
1061 1673 1185 1730 inlisum
1200 1672 1376 1744 porreximus
1389 1686 1466 1742 spem
1480 1680 1617 1741 nostram,
1631 1688 1687 1730 uon
1701 1673 1727 1729 in
1742 1683 1779 1744 te,

126 1778 220 1830 exsxt,
235 1765 279 1836 8);
295 1780 345 1820 cur
359 1765 485 1823 damnari
508 1781 522 1820 a
546 1765 627 1822 nohis
643 1766 786 1823 absentent
800 1766 927 1823 voluistil
942 1759 967 1823 B
980 1782 1012 1823 ac
1027 1782 1141 1839 regnum
1157 1776 1231 1821 tunm
1246 1766 1392 1822 caducum.
1415 1765 1562 1823 doluimus
1576 1766 1610 1823 de
1626 1766 1714 1839 gloria
1736 1781 1780 1824 re-

125 1867 203 1914 cente
217 1857 251 1913 ad
266 1856 318 1914 hoc
334 1867 364 1914 ut
387 1860 534 1929 iustitiam,
549 1875 603 1931 qna
622 1875 672 1917 nos
688 1860 816 1917 induerat
834 1860 925 1917 homi·
976 1860 1022 1931 gni
1038 1860 1076 1915 tui
1091 1859 1171 1915 uobis
1193 1859 1322 1930 placere,
1349 1858 1395 1932 qui
1418 1859 1534 1931 gloriam
1560 1861 1738 1918 consecuturi
1766 1861 1776 1902 ¹

125 1949 402 2016 nus-amitteremus.
418 1949 486 2008 Cum
499 1952 573 2008 euim
595 1952 691 2008 dieat:
716 1952 874 2010 Sacerdotes
886 1952 925 2008 tei
976 1968 1082 2019 sumus,
1098 1957 1290 2022 exspectantes
1305 1950 1386 2008 aheo
1401 1993 1408 2019 ,
1424 1951 1452 2008 iu
1477 1967 1560 2024 quem
1583 1952 1675 2008 solum
1692 1953 1779 2010 eund-

125 2042 271 2097 indenntat
280 2043 424 2115 justitiam,
438 2051 466 2100 et
479 2053 507 2101 ιιι
519 2043 682 2116 injustitiam
695 2060 746 2102 nos
759 2059 871 2118 urgeres
882 2043 925 2101 ia·
976 2044 1095 2103 dentium
1109 2059 1172 2102 esse
1185 2053 1267 2116 atque
1288 2044 1458 2116 sperandum
1476 2044 1581 2102 docens
1608 2046 1676 2102 dicit
1692 2045 1777 2105 hacid

124 2149 197 2201 cere,
213 2135 279 2208 quid
295 2136 369 2193 aliud
385 2153 510 2194 essemus
526 2179 534 2205 ,
555 2138 580 2194 si
597 2137 761 2195 fecissemus
785 2138 856 2209 quod
872 2146 925 2195 tuce
976 2138 1002 2194 in
1015 2139 1122 2208 psalmo
1132 2153 1221 2195 exer:
1240 2135 1473 2208 Nolitecotrpderc
1487 2138 1514 2191 in
1539 2139 1717 2209 principibus,
1728 2140 1771 2195 eti

124 2227 329 2285 malevolentiae
342 2229 433 2285 iuerat
454 2229 563 2298 nisum,
589 2230 641 2285 nisi
661 2230 840 2287 conscelerati
860 2231 897 2286 tui
915 2271 924 2299 ,
976 2232 1075 2301 initiis
1086 2230 1230 2296 hominum,
1248 2215 1404 2301 qniiusuou
1420 2231 1649 2287 caesarasunitis
1666 2233 1772 2305 spiritus

124 2323 177 2380 nisi
192 2325 275 2380 totius
298 2323 453 2396 iniquitatis
476 2323 587 2380 iontesi
602 2324 628 2378 lti
643 2322 758 2389 scilicet,
775 2324 822 2395 qui
842 2322 926 2396 depo·
976 2326 1033 2397 cina
1046 2331 1070 2378 et
1080 2319 1246 2379 retracteturk
1260 2321 1288 2377 iu
1301 2331 1398 2378 terram
1421 2338 1510 2377 stam:
1533 2324 1560 2378 in
1576 2324 1624 2379 illa
1647 2324 1690 2379 die
1704 2325 1775 2394 peri·

77 2398 84 2411 *
122 2416 498 2488 nentesjustitiseoidcium,
515 2416 670 2486 injustitie,
687 2426 717 2472 ut
734 2417 782 2473 tibi
802 2417 926 2489 plaeere·
977 2418 1139 2474 huntomnes
1160 2417 1330 2490 coqiffationes
1348 2431 1447 2473 eorum.
1468 2416 1587 2474 Βιιιιιιι1
1605 2420 1681 2492 cujus
1704 2418 1776 2474 Deris

124 2526 196 2578 mus,
212 2524 337 2568 essemus
351 2509 517 2580 suscepturi.
534 2509 713 2581 Persequeris
736 2498 785 2565 Dei
800 2509 924 2577 domum,
975 2511 1058 2570 ιιιιι
1068 2514 1175 2587 adjutor
1188 2516 1269 2588 ejus,
1291 2523 1314 2568 et
1332 2529 1390 2586 spes
1411 2517 1469 2588 ejas
1486 2515 1514 2571 iu
1525 2514 1637 2572 domitto
1657 2515 1714 2573 Deo
1733 2517 1778 2587 ip·

124 2601 281 2670 Constanti,
294 2604 425 2676 ignorans
435 2604 551 2674 teipsum
561 2601 646 2658 Deum
663 2601 793 2673 persequi
806 2602 832 2657 in
843 2602 926 2658 dorne
975 2607 1030 2664 sius
1044 2609 1089 2679 qui
1103 2608 1164 2680 [ecit
1175 2608 1268 2663 celum
1283 2616 1308 2663 ct
1318 2617 1434 2674 tenant,
1453 2624 1527 2664 merc
1540 2618 1564 2664 et
1575 2610 1662 2665 omnia
1682 2611 1776 2683 quein
1804 2664 1807 2673 ,

124 2696 198 2769 ejus:
215 2697 315 2761 domus
327 2697 428 2753 eteuiut
447 2694 697 2760 permiscuisse,
713 2695 741 2749 ln
758 2709 810 2766 qua
829 2705 871 2751 est
883 2694 926 2751 in·
976 2700 1023 2757 eis.
1040 2699 1091 2768 Qui
1102 2700 1215 2754 custodit
1228 2698 1361 2754 ceritatem
1375 2699 1402 2753 in
1419 2699 1560 2766 seculum,
1575 2702 1776 2774 incitiadiciaus

123 2789 253 2849 habitans
273 2791 434 2860 Dominus,
461 2792 532 2846 sicot
551 2789 685 2859 scriptum
709 2797 752 2844 est
775 2790 802 2843 in
826 2787 925 2844 eodem
975 2790 1099 2861 injenium
1113 2789 1270 2859 potientibus
1285 2786 1344 2863 (Pa.
1370 2788 1662 2862 esur,i).li01uimus
1677 2791 1778 2864 injuste

124 2882 248 2954 psalmo:
262 2880 348 2957 Ethit
360 2881 490 2938 Dominus
503 2880 582 2950 Sion,
597 2881 730 2955 preeleqit
744 2896 800 2936 emn
812 2881 840 2936 in
852 2879 926 2935 ιιιι·
976 2891 1067 2941 tecum
1082 2882 1210 2955 persequi
1223 2882 1340 2954 justitiae
1353 2882 1463 2954 plenum
1484 2883 1620 2941 iructihtts
1637 2925 1644 2951 ,
1660 2901 1695 2943 ne
1712 2886 1776 2943 dum

125 2976 252 3032 tationem
263 2977 312 3031 sihi
321 2985 355 3031 ιι
369 2976 425 3032 ittae
440 2976 540 3048 requies
558 2991 616 3030 men
635 2975 661 3030 in
676 2975 801 3030 secutum
815 2974 924 3042 seculi,
975 2977 1045 3034 dete
1058 2977 1178 3034 uindicta
1193 2977 1324 3048 coepisset
1337 2979 1482 3051 consequi,
1507 2976 1606 3037 luisset
1627 2993 1777 3041 consecuta

125 3068 167 3124 iric
181 3067 304 3124 hahitatio
329 3069 456 3140 quoniam
476 3068 598 3141 praeeieqi
619 3084 676 3124 enm
691 3065 747 3137 (lt.
777 3068 834 3140 15).
856 3065 923 3122 Cum
975 3073 1057 3128 etiam
1069 3071 1104 3128 de
1115 3070 1213 3127 nohis:
1238 3085 1294 3126 non
1310 3069 1428 3128 lecimus
1451 3070 1525 3143 quod
1552 3072 1655 3144 iniuste
1671 3090 1777 3146 praece·

125 3162 186 3220 haec
201 3164 293 3236 itaque
307 3164 373 3231 siut,
391 3173 476 3221 temet
487 3162 577 3234 puniri
592 3163 741 3233 conspice,
757 3161 866 3233 quando
881 3157 926 3216 ali·
940 3157 965 3222 G
979 3163 1042 3236 pisti
1057 3178 1107 3219 nos
1122 3162 1248 3233 implere,
1263 3177 1298 3220 ne
1312 3172 1404 3221 tecum
1424 3165 1584 3220 veniremus
1595 3166 1629 3222 ad
1645 3166 1721 3223 iilum
1736 3168 1778 3227 lo·
1862 3200 1864 3204 ⁴

124 3272 205 3330 quem
220 3270 377 3316 nostrorum
394 3261 474 3331 punis
487 3268 581 3325 tuam;
604 3267 631 3315 te
646 3257 762 3314 salutem
778 3255 924 3328 persequi,
975 3272 1047 3323 curu,
1064 3255 1151 3328 quiin
1168 3256 1361 3313 Ecclesiastico
1374 3267 1398 3295 ¹¹²·
1407 3257 1588 3314 describitur:
1607 3259 1641 3315 Et
1654 3260 1726 3317 Deus
1737 3277 1778 3319 re-

124 3351 234 3425 qusudo
248 3353 287 3410 sis
302 3352 360 3411 eoo
375 3366 543 3426 repugnans,
559 3367 614 3408 non
630 3365 693 3420 nos,
707 3349 733 3404 in
748 3364 817 3422 quos
831 3348 927 3404 audias
975 3350 1060 3420 quiret
1070 3357 1085 3386 ¹¹
1099 3364 1157 3404 enm
1168 3389 1177 3413 ,
1188 3348 1232 3419 qai
1243 3349 1564 3422 persecutionempatitur
1575 3335 1651 3427 (licc.¹
1669 3353 1779 3427 rrr,l5),·

124 3447 213 3504 ileum
228 3448 335 3515 dicere,
351 3448 424 3520 quod
441 3447 514 3504 euim
531 3446 661 3518 dignetur
686 3447 870 3516 requiescere.
883 3441 925 3498 'iu
976 3441 1119 3498 etadhuc:
1141 3440 1202 3496 Vidi
1215 3441 1261 3496 sul
1273 3442 1424 3497 soleiocam
1440 3442 1550 3516 judicii,
1566 3445 1644 3500 ιἰιιιο
1660 3445 1778 3517 impius:

125 3555 193 3614 erqo
206 3541 252 3612 qui
267 3541 367 3612 templa
384 3539 493 3596 homiui
508 3548 597 3596 tentas
612 3538 739 3606 uiolare,
756 3535 806 3593 nisi
822 3543 847 3592 te
858 3549 925 3591 cou-
976 3543 999 3589 ιι
1024 3532 1109 3589 iocum
1125 3534 1210 3607 jacti,
1234 3534 1289 3590 iilic
1306 3535 1366 3607 pius
1381 3533 1436 3606 (lo.
1458 3534 1516 3608 lii).
1535 3535 1678 3594 Noluimus
1700 3539 1780 3597 vohis

125 3632 301 3698 centesimae
324 3634 467 3704 dispereas
491 3647 604 3704 genere,
625 3645 679 3702 quo
693 3629 733 3685 illi
746 3672 754 3696 ,
768 3629 803 3686 de
827 3628 927 3701 quihus
976 3624 1105 3697 coujtrnqi
1117 3625 1270 3695 hereticis,
1288 3627 1428 3683 noluimus
1441 3636 1531 3684 tecum
1547 3629 1614 3686 dare
1631 3645 1729 3690 manus
1742 3630 1779 3688 ad

126 3723 192 3781 dicit
203 3723 287 3782 Dauid
300 3728 326 3783 in
339 3727 445 3797 psalmo
459 3741 557 3781 cxxxv:
575 3724 627 3792 Qni
639 3721 926 3796 percumitAEqqptum
978 3717 1024 3773 liei
1041 3717 1253 3789 impugnandam
1269 3719 1381 3776 domum
1399 3763 1408 3790 ,
1425 3721 1568 3778 noluimus
1585 3733 1673 3780 tecum
1693 3723 1780 3781 idolo-

125 3833 185 3873 cem
202 3819 338 3888 primitivis
352 3835 462 3883 eorum,
485 3818 611 3890 quoniam
636 3817 662 3871 in
676 3817 799 3871 secutor
820 3815 926 3870 eriseri-
977 3811 1083 3867 latriam
1097 3811 1238 3883 suscipere
1252 3812 1481 3870 incontumetiam
1507 3814 1567 3882 Dei,
1585 3815 1722 3872 noluimus
1734 3830 1780 3872 sa·

125 3911 216 3966 cordia
227 3914 296 3985 ejus,
309 3922 335 3967 et
347 3912 435 3967 eduxit
450 3910 535 3966 lsrael
548 3910 579 3965 de
592 3908 678 3966 medio
688 3925 789 3973 eornm,
805 3908 927 3981 quonium
976 3905 1090 3978 crileqio
1103 3913 1150 3961 tuo
1165 3906 1275 3962 misceri
1294 3948 1301 3973 ‚
1323 3921 1359 3962 ue
1374 3916 1403 3963 et
1424 3922 1475 3963 nos
1489 3907 1587 3966 audire
1609 3924 1780 3967 mereremur

126 4003 153 4059 iu
165 4004 290 4060 secatum
300 4004 559 4071 misericordiosius,
575 4003 601 4058 in
617 4018 696 4058 mnan
714 4003 778 4074 sorti
788 4001 926 4057 athraciis
978 4011 1067 4057 lecum
1083 4001 1145 4068 iila,
1158 4016 1219 4073 qum
1233 3999 1371 4058 oreOseae
1396 4000 1541 4072 prophete
1555 4002 1669 4059 audient
1687 4017 1780 4060 sacer·

125 4099 382 4171 emetao,quontum
395 4098 421 4153 in
444 4097 569 4154 seculum
590 4094 847 4163 misericordissima.
875 4094 928 4161 Ωιι
977 4092 1067 4161 dotes,
1083 4092 1198 4164 populus
1225 4100 1254 4150 et
1277 4109 1323 4150 rex
1342 4091 1440 4157 lsrael.
1455 4093 1501 4165 qui
1528 4094 1620 4150 cuncti
1635 4093 1775 4152 derelicto

126 4192 212 4247 diuisit
228 4208 299 4246 mare
309 4191 415 4245 rubrum
429 4192 457 4246 in
474 4190 625 4247 diuisionem
641 4198 654 4236 s
668 4228 676 4253 ‚
692 4188 815 4258 quonium
836 4187 864 4240 in
878 4201 927 4241 sce·
977 4184 1034 4243 Deo
1047 4185 1081 4242 ad
1095 4184 1279 4243 idololatriam
1294 4199 1324 4241 se
1341 4185 1531 4241 cotttulerant:
1552 4187 1649 4241 Audite
1661 4188 1726 4250 itoec,
1741 4202 1782 4242 se·
1872 4248 1880 4267 ἱ

126 4286 214 4341 cuium
230 4286 408 4341 misericordia
423 4288 497 4360 ejus,
512 4294 535 4339 ιι
548 4281 696 4340 transduxit
712 4279 799 4335 lsrael
816 4296 862 4351 per
873 4295 928 4335 me·
977 4280 1103 4345 cerdotes,
1117 4288 1142 4334 ιι
1152 4277 1287 4342 attendite,
1299 4275 1393 4330 domus
1405 4274 1504 4342 israel,
1520 4286 1544 4331 ιι
1557 4276 1648 4331 domes
1661 4278 1782 4351 reqisiu·

40 4393 52 4418 ·
126 4377 200 4433 dium
222 4381 280 4450 eires
294 4419 303 4447 ,
317 4379 442 4450 quonium
462 4377 490 4432 iu
510 4375 636 4433 seculum
658 4373 925 4444 misericordissima,
977 4368 1177 4427 tuentiuirrad
1190 4377 1285 4424 nonest
1302 4368 1523 4440 judiciumquiu
1537 4367 1702 4437 utinqueum
1720 4368 1782 4439 [acti

125 4481 150 4528 ct
173 4474 285 4530 messit
305 4472 470 4528 Pharaonem
485 4481 509 4528 ιι
535 4470 676 4527 mimium
700 4469 756 4540 cius
775 4468 803 4522 in
820 4463 835 4504 h
855 4481 927 4521 utare
978 4465 1037 4519 estis
1052 4462 1086 4517 ad
1096 4459 1232 4523 insidiam,
1246 4468 1271 4515 et
1294 4459 1361 4513 sicut
1379 4458 1445 4513 retia
1467 4466 1574 4512 estense
1599 4458 1782 4514 ademarium

126 4562 246 4621 Pulsum
261 4563 320 4636 (Ps.
334 4580 437 4631 cassu,
455 4564 512 4638 to).
527 4564 587 4633 Qua
601 4563 637 4620 de
654 4576 686 4620 re
702 4562 762 4618 hare
776 4559 876 4633 scripta
888 4558 929 4617 in·
942 4540 970 4604 D
981 4553 1097 4612 cenantis
1110 4550 1169 4627 (ds.
1180 4567 1209 4622 ι,
1222 4550 1260 4622 ι).
1275 4548 1356 4621 Apud
1380 4549 1464 4606 Amos
1487 4547 1647 4622 prophetam
1671 4549 1780 4608 sciebas

165 4734 179 4763 ⁸
192 4723 385 4783 Custodiehnut.
400 4724 480 4783 Vera.
496 4728 563 4784 Ant.
982 4716 1031 4774 sed
1046 4723 1139 4772 contra
1151 4709 1270 4769 Lttciieri
1284 4709 1462 4777 sententiam,
1476 4724 1537 4782 que
1548 4717 1633 4778 patet.

162 4792 178 4836 P
191 4797 303 4858 Easdem.
316 4799 418 4855 Secula
431 4799 498 4861 duri,
511 4797 615 4854 omisso
626 4797 694 4853 uite.
1018 4798 1038 4826 ¹¹¹
1053 4786 1102 4843 iiie
1112 4785 1243 4849 liberent,
1255 4797 1336 4852 quem
1348 4781 1478 4868 Seqtttsq.
1497 4790 1525 4838 et
1537 4781 1618 4855 vulp.
1635 4782 1781 4843 Ecclesias-

165 4877 178 4907 ι
194 4867 354 4925 addendum
369 4869 439 4925 toute
454 4887 511 4926 nos.
527 4869 616 4925 Lurius.
982 4857 1190 4929 tenappellaut;
1214 4854 1392 4911 Ecclesiastica
1406 4868 1471 4911 nero
1490 4853 1601 4911 nomine
1622 4856 1706 4914 intelli
1727 4859 1781 4914 itur

165 4933 318 4997 idatium.
333 4939 421 4996 Varie.
982 4931 1061 4996 lilrer,
1073 4929 1116 4985 cul
1131 4927 1225 4983 titulus
1240 4927 1315 5011 Σοφία
1329 4927 1427 5056 &ifex
1447 4925 1517 4997 apud
1539 4927 1670 4998 Septuaq.
1698 4873 1725 4981 ii
1739 4936 1784 4983 est

166 5008 271 5067 ‘Vere
282 5013 346 5069 Ant.
360 5010 456 5081 Suum,
471 5028 531 5084 qum
541 5010 626 5070 habet
636 5013 719 5069 etiam
733 5012 927 5085 preteqimpro
982 5000 1121 5070 Sapientia
1134 4996 1241 5056 Siraci.
1250 4998 1281 5056 St
1295 5012 1355 5080 mett
1377 5013 1423 5056 urst
1439 4996 1520 5053 ahest
1538 4998 1573 5054 ah
1589 4997 1640 5082 hoc
1663 4996 1781 5055 Lurcileri

130 5083 271 5154 proeeieqt't.
981 5074 1055 5139 tum,
1070 5069 1141 5126 haud
1158 5068 1261 5126 usitato
1274 5070 1411 5141 quideme
1435 5068 1577 5126 veteribus
1590 5069 1670 5126 tttulo
1685 5067 1796 5128 Eccle·

168 5153 178 5193 ¹
192 5154 335 5212 Secutum.
346 5153 425 5211 Pers.
441 5156 505 5211 dut.
978 5144 1078 5202 siastes
1089 5142 1189 5199 librum
1201 5141 1316 5198 notarit.

165 5224 332 5281 silisisioue.
350 5225 427 5282 Vera.
446 5229 510 5280 Ant.
1013 5224 1029 5254 ι
1041 5213 1157 5282 Queret.
1170 5211 1249 5268 Pers.
1262 5212 1328 5269 dut.

163 5292 228 5352 hlit
239 5297 265 5352 in
277 5297 445 5366 (ἐπιθυμίς
457 5298 587 5355 θάλασσαι
599 5297 734 5376 Ἐρυθρὰν.
747 5296 828 5354 Vens.
858 5296 921 5352 Ant.
1015 5284 1125 5343 oLucii.
1142 5299 1204 5374 eum
1219 5280 1778 5368 Grec.imiiitcsdiescinirroseoirit·

127 5366 341 5423 ismaelitarum.
977 5360 1060 5425 mico,
1089 5357 1310 5418 iniuriandis.
1339 5354 1419 5411 Vere.
1447 5358 1511 5411 Ant.
1528 5353 1570 5409 Ιιι
1593 5367 1731 5426 tmpestas,
1755 5363 1780 5410 ct

167 5437 175 5475 ¹
193 5438 426 5510 Consequisumas.
437 5438 498 5495 ιιι.
516 5437 658 5496 ruendose.
975 5427 1062 5484 lecum
1075 5429 1194 5497 iustitie,
1210 5427 1246 5481 ihi
1257 5427 1408 5509 imquitas..
1492 5497 1498 5508 .
1639 5496 1644 5508 Ι
1666 5495 1673 5509 1

165 5510 172 5560 l
191 5507 270 5565 Vens.
288 5515 352 5566 aur.
375 5510 467 5582 Neque
478 5512 564 5566 iu.....
580 5511 687 5580 spiritus
699 5525 798 5564 eorum.
1013 5498 1116 5557 rllers.
1135 5501 1200 5554 Ant.
1227 5495 1327 5552 Domus
1351 5511 1380 5551 re
1409 5496 1546 5580 scirtius
1575 5505 1718 5565 pmctpttc:
1744 5495 1780 5552 ad

164 5577 376 5637 ¹¹iitrerertctur
390 5577 923 5649 ittterrumsunm,ahestaiers.Ant„
976 5573 1102 5658 sesenim
1106 5608 1162 5627 .....
1176 5569 1236 5638 quia
1257 5568 1363 5639 iaqueus
1380 5512 1444 5636 ἵιιιιι
1458 5577 1528 5650 'estre
1553 5568 1781 5640 spectatissimos

128 5651 177 5709 sed
192 5653 289 5724 lenium
301 5655 327 5708 in
342 5653 448 5711 Gnaeo.
976 5654 1043 5702 stem
1056 5652 1111 5699 rete
1121 5655 1266 5712 ιιριιιιιιιιι
1276 5653 1353 5713 snper
1363 5635 1521 5710 iniquum.

170 5720 280 5781 1ιιιιίιι.
296 5723 355 5783 hac
371 5725 450 5782 rerhu
467 5723 574 5792 Beatus,
587 5733 643 5784 ete.
655 5721 790 5784 demenda
809 5731 924 5794 certect3
1799 5708 1844 5760 ¹
